2636 3572
1265 97 1315 138 17

280 227 375 270 265.
407 224 501 270 266.
530 225 669 281 priore
698 237 822 268 versu
853 224 980 280 iunge
1010 227 1055 270 ἓξ
1084 260 1093 269 .
1123 260 1132 269 .
1164 261 1173 270 .
1218 227 1458 279 ἀντηρέτας,
1497 239 1579 268 non
1609 230 1656 268 ut
1684 224 1809 278 vulgo
1837 225 1882 268 fit
1910 225 2067 277 ἄνδρα(
2098 226 2142 268 ἕξ
2171 224 2284 278 quod
2318 237 2489 280 prorsus

77 296 229 338 falsum
258 298 334 336 est.
392 291 452 334 ἐπ’
485 292 643 344 ἄνδρα(
673 299 738 334 est
767 297 941 334 contra
975 292 1163 337 hosteS.
1191 294 1333 347 itaque
1363 306 1440 336 nec
1468 291 1746 348 pinguissimo
1766 292 1934 333 Canteri
1954 292 2122 334 invento
2142 292 2354 343 ἐπάρχου(
2373 289 2488 346 quod

78 372 359 418 praepropere
388 359 433 401 in
461 363 622 401 textum
650 359 807 413 recepit
836 358 1025 412 Wessius,
1054 373 1133 401 nec
1161 360 1338 402 aliorum
1367 359 1618 403 coniecturis
1648 359 1733 406 ἐγὼ
1754 359 1838 408 μέν,
1869 359 1954 406 ἑγὼ
1983 360 2031 399 δέ
2057 358 2105 407 γ’,
2136 360 2221 407 ἐγὼ
2240 358 2273 399 δ’
2297 357 2353 399 ἔτ’
2382 370 2488 411 opus

79 431 154 471 ost.
212 431 257 470 at
283 438 384 469 vero
412 426 457 468 in
485 425 617 468 altero
646 437 773 468 versu
801 422 1068 467 manifestum
1095 424 1290 480 mendum
1318 426 1418 469 latet
1448 452 1498 458 —
1531 423 1695 468 scilicet
1722 423 1766 466 in
1795 437 1898 467 voce
1936 425 2120 476 ἐχθροῑει
2153 438 2230 481 pro
2272 436 2357 478 qua
2389 423 2488 467 scri-

79 494 235 549 pserim
265 493 479 545 ἑχθρούε
508 505 575 539 τε,
606 497 652 534 ιιι
680 492 724 533 in
751 492 861 534 hunc
888 503 1056 545 quoque
1084 491 1221 534 locum
1250 492 1498 547 (ἀντηρέτας
1529 491 1709 542 ἐχθρούς
1737 492 1801 543 τε)
1831 490 1956 532 cadat
1986 491 2100 544 quod
2118 490 2343 546 Euripides
2370 490 2486 546 apud

78 559 403 615 Aristophanem
433 559 487 602 de
516 558 730 613 Aeschylo
757 570 1085 613 synonymorum
1112 559 1397 603 amantissimo
1416 559 1620 602 dixitz-bic
1639 558 1796 600 ταύτὸν
1812 558 1913 608 ἡμῖν
1932 556 2049 599 εἶπεν
2068 557 2093 599 ὁ
2113 559 2248 609 (οφὸε
2273 558 2486 609 Αἰεχύλοε.

1058 837 1282 901 Cap-
1319 840 1502 891 ΠΣ-

299 941 446 1004 Do
499 940 1183 1025 compositione
1233 941 1628 1026 episodii
1679 940 2240 1004 antithetioa.

282 1052 537 1107 Compositio
580 1052 704 1094 huius
749 1052 927 1106 episodii
971 1052 1214 1094 antithetica
1242 1053 1377 1106 qualis
1406 1053 1474 1106 sit,
1514 1053 1573 1095 sic
1613 1052 1658 1093 in
1707 1052 1892 1094 editione
1941 1064 2019 1094 sua
2067 1050 2249 1105 explicat
2297 1051 2488 1095 Weilius:

80 1122 173 1177 ‚hoc
202 1117 440 1176 episodium
468 1117 693 1162 includitur
721 1117 887 1162 duabus
915 1117 1099 1161 Eteoclis
1129 1118 1385 1163 orationibus
1417 1119 1638 1164 163-183
1668 1126 1710 1161 et
1738 1116 1963 1163 247—'269
1992 1131 2098 1171 quas
2125 1117 2235 1161 inter
2255 1131 2302 1162 se
2320 1132 2491 1174 respon-

81 1188 182 1231 dere
212 1186 420 1229 intellexit
445 1185 633 1229 Keckius
666 1183 822 1243 [annal.
850 1184 991 1240 philol.
1020 1183 1289 1230 Fleckeiseni
1315 1185 1397 1228 vol.
1428 1185 1616 1229 LXXXI
1644 1198 1687 1241 p.
1717 1186 1812 1229 860-
1828 1183 1908 1243 sq.]
1953 1189 2129 1239 utraque
2172 1191 2336 1229 constat
2365 1188 2492 1232 versi-

80 1257 160 1298 bus
190 1255 327 1307 quinis
358 1257 401 1294 et
428 1253 497 1294 bis
526 1253 696 1294 octonis.
770 1252 986 1293 interiecta
1024 1256 1121 1293 sunt
1149 1251 1232 1293 duo
1260 1257 1499 1305 systemata.
1555 1266 1595 1295 V.
1628 1253 1850 1294 184—227
1892 1252 2029 1307 lyrica
2071 1265 2163 1293 cum
2203 1252 2393 1295 iambicis
2435 1255 2493 1297 ita

81 1324 354 1366 conectuntur
396 1324 442 1362 ut
486 1317 619 1361 tribus
649 1318 762 1375 chori
806 1317 987 1373 strophis
1030 1316 1283 1359 dochmiacis
1324 1317 1579 1373 totidemque
1623 1318 1897 1374 antistrophis
1941 1319 2137 1365 Eteocles
2179 1319 2318 1362 sexies
2362 1321 2493 1363 ternis

81 1386 278 1431 trimetris
307 1384 579 1440 respondeat:
623 1383 713 1427 sed‘
742 1389 882 1426 tamen
925 1383 1097 1427 secundi
1139 1383 1337 1426 ternionis
1377 1397 1475 1439 pars
1514 1398 1541 1426 a
1579 1384 1819 1439 coryphaeo
1858 1385 2160 1440 pronuntiatur.
2223 1387 2493 1428 v.228—247

82 1451 382 1507 stichomythia
411 1456 558 1504 quater
585 1450 807 1504 quinorum
834 1453 1054 1492 versuum'.
1089 1463 1141 1491 ac
1168 1450 1342 1505 primum
1385 1451 1552 1503 quidem
1596 1451 1651 1492 de
1693 1450 1932 1492 incredibili
1973 1451 2112 1492 Weilii
2155 1464 2293 1493 errore
2336 1453 2409 1506 qui
2437 1454 2494 1495 ad

82 1523 244 1576 partem
274 1516 447 1561 secundi
475 1516 676 1559 ternionis
705 1516 827 1573 (200)
857 1531 885 1558 a
913 1515 1150 1572 coryphaeo
1192 1516 1499 1571 pronuntiatam
1541 1522 1706 1572 spectat
1735 1505 1896 1571 quique·
1919 1516 1958 1559 ei
1989 1530 2083 1560 cum
2114 1518 2354 1561 Hermanno
2384 1533 2493 1593 conv-

81 1586 219 1630 munis
249 1590 325 1638 est,
357 1597 484 1640 supra
511 1584 554 1625 in
582 1583 924 1626 adnotationibus
952 1583 1037 1625 iam
1066 1582 1221 1625 dictum
1261 1589 1334 1625 est.
1389 1597 1467 1625 nec
1504 1583 1642 1625 minus
1687 1582 1795 1625 falso
1843 1582 2018 1626 Weilius
2062 1583 2274 1626 Keckium
2323 1592 2494 1630 secutus

81 1665 247 1697 versum
279 1653 361 1696 247
396 1651 451 1694 ab
494 1650 589 1707 ipsa
632 1649 815 1693 Eteoclis
858 1650 1043 1693 oratione
1085 1649 1264 1693 seiunxit
1305 1650 1491 1694 referens
1520 1650 1639 1693 illum
1683 1651 1740 1694 ad
1782 1650 2107 1706 praecedentem
2152 1650 2495 1707 stichomythiam

82 1733 207 1775 quam
237 1718 359 1761 nimis
387 1717 607 1764 artificiose
651 1716 880 1759 secundum
924 1716 1146 1759 formulam
1169 1706 1423 1780 Qd
1450 1717 1651 1760 amussim
1696 1722 1976 1773 exaequatam
2020 1717 2161 1761 voluit.
2207 1717 2339 1773 quid?
2381 1721 2495 1776 quod
2525 1719 2560 1756 ί·
2580 1717 2636 1754 §.³

2513 1771 2636 1779 -—-—--

83 1786 209 1828 etiam
238 1784 582 1827 innocentissimo
612 1784 833 1837 eidemque
875 1783 1122 1838 gravissimo
1166 1784 1361 1826 orationis
1402 1784 1628 1825 Eteocleae
1672 1785 1811 1826 versui
1847 1786 1930 1827 249
1958 1785 2086 1836 εὔχου
2115 1786 2167 1826 τὰ
2195 1787 2370 1837 κρείεεω
2400 1791 2495 1839 ξυμ-

83 1852 241 1904 μάχους
272 1851 378 1893 εἶναι
409 1852 535 1893 θεὸύ(
565 1851 677 1894 idem
707 1850 883 1893 Weilius
910 1851 997 1892 vim
1027 1855 1071 1893 et
1098 1865 1247 1893 manus
1275 1850 1427 1892 inferre
1470 1863 1599 1893 ausus
1642 1855 1720 1904 est,
1765 1850 1923 1893 scilicet
1966 1857 2012 1894 ut
2055 1853 2229 1894 alteram
2273 1853 2495 1897 formulam

81 1932 202 1962 suam
230 1919 268 1962 5.
299 1918 338 1961 8.
368 1919 394 1962 8
423 1918 636 1974 probaret.
695 1916 947 1972 omninoque
975 1921 1021 1960 ut
1050 1916 1187 1961 dicam
1217 1916 1326 1972 quod
1356 1916 1506 1971 sentio,
1551 1930 1633 1972 quo
1675 1916 1905 1973 simplicior
1933 1923 1976 1961 et
2005 1918 2240 1963 evidentior
2281 1920 2497 1976 discriptio

82 1985 315 2040 longiorum
346 1990 678 2040 systematum
707 1985 751 2027 in
781 1984 970 2038 singulas
1013 1983 1248 2039 periodos
1289 1984 1599 2027 articulosve
1635 1989 1713 2037 est,
1743 1989 1790 2027 ut
1818 1989 1970 2039 sponte
1998 1982 2212 2040 tamquam
2239 1986 2424 2030 incurrat
2452 1988 2495 2031 in

82 2051 238 2105 oculos,
271 2064 321 2093 eo
350 2051 539 2107 profecto
567 2051 663 2107 plus
706 2049 1081 2093 commendationis
1123 2050 1256 2093 omnis
1299 2049 1543 2106 compositio
1585 2050 1835 2093 antithetica
1870 2050 2028 2094 habere
2057 2052 2158 2094 mihi
2185 2052 2363 2096 videtur.
2393 2055 2496 2108 quid

80 2118 240 2161 multa?
270 2118 376 2161 duas
406 2118 594 2161 Eteoclis
619 2117 832 2160 orationes
858 2116 1002 2171 potius
1031 2116 1259 2159 secundum
1289 2116 1636 2171 simplicissimam
1681 2116 1904 2159 formulam
1937 2118 2001 2160 13.
2041 2119 2068 2160 8
2105 2119 2360 2172 compositas
2398 2134 2495 2164 esse

79 2189 212 2241 patet,
243 2185 280 2227 si
310 2183 481 2238 quidem
510 2196 564 2226 ea
592 2195 701 2237 quae
731 2182 785 2224 de
814 2181 1118 2225 difficilioribus
1159 2182 1261 2225 locis
1300 2183 1382 2225 illis
1423 2184 1524 2238 (176
1562 2187 1605 2225 et
1633 2183 1761 2226 256-
1773 2183 1874 2235 262)
1918 2185 2046 2239 supra
2074 2195 2165 2238 cap.
2196 2183 2238 2226 11
2266 2183 2497 2241 disputavi·

81 2264 188 2303 mus,
218 2251 403 2303 aliquam
438 2249 751 2306 probabilitatis
778 2248 1197 2299 ,commendationem
1245 2250 1410 2290 habent.
1487 2262 1742 2302 quamquam
1788 2250 1970 2304 priorem
2019 2262 2187 2304 quoque
2234 2252 2494 2306 periodum

10 2322 16 2328 '
81 2330 191 2372 quae
220 2331 273 2361 ex
301 2316 409 2359 XIII
437 2316 629 2360 versibus
658 2320 836 2370 constat,
865 2319 1013 2371 utpote
1041 2315 1168 2371 paulo
1196 2315 1424 2370 longiorem
1458 2315 1561 2359 item
1590 2315 1634 2358 in
1660 2315 1907 2368 aequabiles
1933 2316 2133 2359 articulos
2153 2316 2213 2371 (7.
2233 2317 2282 2372 6)
2302 2320 2494 2362 consulto

80 2383 150 2426 hic
178 2388 347 2439 poetam
377 2382 622 2426 distinxisse
649 2380 766 2426 haud
794 2380 962 2425 omnino
990 2381 1242 2437 negaverim.
1299 2396 1350 2424 ac
1377 2381 1430 2425 de
1456 2376 1666 2425 esterna
1692 2379 1863 2435 quidem
1883 2381 2200 2437 compositionis
2218 2382 2494 2428 antitheticae

82 2451 222 2506 specie
252 2450 469 2504 utriusque
499 2449 699 2491 orationis
729 2449 956 2491 Eteocleae
984 2449 1201 2491 hactenus.

282 2517 371 2560 Iam
406 2516 623 2571 quaeritur
650 2515 859 2570 quomodo
888 2520 1017 2570 poeta
1045 2515 1384 2571 compositionem
1413 2515 1699 2558 antitheticam
1728 2515 1874 2557 barum
1904 2514 2081 2556 duarum
2111 2515 2346 2559 orationum
2376 2523 2495 2561 tanto

83 2583 303 2641 intervallo
324 2582 504 2639 (scilicet
523 2587 589 2625 sat
607 2595 762 2639 magno
776 2581 898 2623 LXII
917 2593 1115 2624 versuum
1133 2581 1322 2636 numero)
1343 2579 1643 2624 disiunctarum
1662 2580 1832 2624 omnino
1856 2580 2122 2636 perspicuam
2163 2585 2206 2624 et
2235 2583 2498 2638 probabilem

83 2650 327 2693 reddiderit.
386 2662 439 2692 en
467 2650 602 2691 habes
631 2662 759 2702 quum
787 2649 969 2691 universi
997 2648 1234 2704 argumenti
1262 2653 1348 2690 tum
1377 2647 1633 2702 singulorum
1661 2647 1867 2690 dictorum
1894 2661 2128 2703 vocumque
2147 2653 2236 2692 tam
2254 2656 2498 2694 accuratam

80 2716 399 2772 responsionem
426 2721 473 2759 ut
501 2721 683 2771 utraque
712 2715 848 2759 oratio
877 2715 1049 2759 alternis
1075 2715 1238 2759 vicibus
1266 2713 1543 2769 aequabiliter
1575 2714 1803 2758 decurrens
1822 2714 1879 2758 ad
1899 2715 2097 2759 carminis
2115 2717 2338 2760 amoebaei
2357 2718 2500 2761 simili·

80 2782 272 2828 tudinem
299 2796 432 2840 prope
461 2783 666 2828 accedere
692 2781 897 2827 videatur.
958 2783 1040 2828 180
1063 2784 1271 2835 λευετῆρα
1298 2782 1432 2833 δήμου
1460 2780 1497 2825 δ’
1527 2781 1579 2825 οὔ
1608 2796 1648 2824 τι
1676 2781 1732 2833 μὴ
1760 2781 1877 2836 φύγῃ
1909 2782 2044 2833 μόρον
2072 2803 2129 2821 =
2156 2784 2242 2827 264
2269 2783 2322 2825 οὐ
2350 2783 2432 2834 γάρ
2460 2799 2499 2827 τι

82 2851 243 2904 μᾶλλον
262 2850 317 2903 μὴ
337 2849 479 2907 φύγῃ(
497 2849 549 2893 τὸ
568 2849 782 2904 μόρειμον.
819 2852 908 2894 ιιιιιι
927 2848 1077 2895 eadem
1095 2848 1246 2896 vocula
1262 2848 1434 2892 τοιαῦτα
1452 2846 1568 2892 haud
1587 2845 1737 2893 inscite
1755 2846 1978 2904 utrobique
1996 2847 2119 2895 initio
2140 2847 2315 2895 alterius
2333 2849 2498 2907 periodi

81 2919 251 2972 ponitur
297 2914 384 2962 176-
407 2935 461 2953 ·-=
491 2920 587 2959 262.
605 2911 843 2971 ’praeterea
876 2916 960 2956 buc
987 2921 1200 2971 spectant:
1232 2918 1325 2968 164,
1357 2916 1437 2957 174
1463 2914 1655 2969 ἄριεταῦ)
1686 2919 1730 2955 et
1758 2915 1820 2956 ὥς
1857 2914 2005 2965 ἄριστα
2030 2932 2085 2951 =
2110 2916 2195 2958 249
2226 2916 2280 2956 τὰ
2311 2917 2499 2967 xpeictm·

83 2984 177 3037 165,
212 2983 294 3028 170
322 2983 478 3036 θάρεο(
508 2988 551 3028 et
580 2982 736 3035 epdcoc
763 3003 823 3021 =
850 2983 934 3027 253
962 2981 1130 3034 Θάρεοε.
1190 2983 1269 3026 166
1296 2980 1585 3033 πολιεεούχων
1614 2983 1727 3024 Θεῶν
1755 3002 1811 3021 ==
1839 2982 1925 3026 254
1951 2983 2043 3034 τοῖς
2061 2982 2352 3034 πολιαούχοι(
2372 2986 2500 3027 Θεοῖς.

86 3049 165 3094 168
195 3049 298 3105 φίλῃ
330 3069 385 3089 =
414 3050 498 3095 253
526 3049 678 3105 φίλοις.
759 3051 837 3096 171
874 3048 996 3093 πόλει
1023 3067 1082 3086 =
1109 3048 1191 3093 257
1224 3048 1402 3092 πόλεως.
1481 3049 1562 3092 172
1592 3047 1695 3101 βοά(
1724 3050 1797 3103 (ex
1824 3048 1988 3104 aliquot
2016 3046 2237 3093 codicibus
2265 3053 2309 3093 et
2338 3048 2443 3095 Rob.
2472 3064 2500 3096 a

293 3171 330 3220 *)
354 3172 539 3213 Inutiliter
566 3183 680 3221 nuper
702 3177 919 3221 temptatum
941 3185 965 3212 a
987 3171 1122 3212 criticis
1144 3170 1203 3211 vel
1226 3170 1359 3225 ἄριστά
1393 3170 1452 3210 vel
1475 3169 1599 3224 ὄρυγᾶ
1623 3172 1682 3212 vel
1705 3172 1805 3211 aliud
1827 3172 1911 3218 qnid
1935 3171 2289 3211 conuiuium
