2636 3572
1294 159 1320 198 6

96 294 249 336 misere
271 307 318 335 se
339 298 507 346 torquet
526 298 570 334 ιιι
589 292 791 335 lectiones
812 292 1033 333 manifesto
1054 294 1271 343 corruptas
1291 300 1501 341 sensuque
1522 293 1713 330 carentes
1733 287 2026 341 qualicumque
2055 287 2179 329 modo
2209 287 2515 342 interpretetur.

96 360 249 415 quibus
270 359 311 401 in
333 359 438 402 locis
458 359 636 402 meliora
653 358 856 402 habuisse
875 356 1169 412 grammaticos
1186 354 1490 397 Alexandrinos
1506 368 1530 396 e
1545 367 1720 407 quorum
1735 353 1869 408 copiis
1884 353 2136 397 scholiorum
2152 367 2252 410 pars
2269 353 2517 409 deprompta

98 432 173 480 est,
191 438 327 480 neque
347 424 646 469 affirmaverim
666 438 804 480 neque
825 423 1082 479 negaverim:
1103 436 1185 465 non
1205 421 1346 465 omnia
1365 421 1486 464 huius
1505 419 1672 475 generis
1692 419 1748 462 ad
1768 432 1841 463 eos
1857 418 2080 463 referenda
2094 431 2191 463 esse
2205 418 2304 464 inde
2318 419 2517 476 perspici-

96 499 164 535 tur
194 492 309 545 quod
339 492 497 547 passim
526 505 630 534 casu
655 491 811 533 sactum
831 495 898 533 est
917 495 962 532 ut
980 502 1064 531 una
1084 502 1176 531 cmn
1195 500 1330 542 prava
1349 487 1688 542 interpretatione
1708 487 1890 542 optimae
1910 490 1954 528 et
1972 485 2029 527 ad
2048 488 2293 541 scripturam
2312 486 2518 541 integram

97 558 331 613 spectantis
360 557 649 602 adnotationis
677 557 956 613 fragmentum
985 557 1233 599 servaretur.
1276 554 1413 609 qualis
1443 566 1537 595 cum
1566 552 1620 595 sit
1649 553 1900 596 scholiorum
1930 551 2123 606 conditio,
2154 566 2321 607 semper
2348 553 2517 607 iudicio,

97 632 228 680 saepe
258 623 517 667 divinatione
548 637 657 679 opus
687 628 752 666 est
780 627 827 666 ut
855 622 911 665 ad
941 621 1274 664 emendationem
1303 625 1416 662 reete
1451 619 1749 662 adhibeantur:
1792 619 1894 672 quin
1938 632 2244 674 nonnumquam
2285 619 2519 674 promptius

98 695 165 736 est
194 704 218 733 e
248 690 341 733 loeo
371 690 466 745 ipso
496 681 668 733 efficere
698 689 801 743 quid
836 689 935 731 olim
978 687 1177 741 seriptum
1221 685 1349 728 fuerit
1393 685 1662 739 scholiisque,
1689 685 1750 728 uti
1793 698 1877 728 non
1921 684 1977 726 ad
2020 685 2315 728 inveniendam
2357 684 2436 728 sed
2462 684 2519 727 ad

99 756 428 799 confirmandam
472 756 780 798 coniecturam.'
825 754 972 808 quodsi
1017 754 1095 794 hoc
1137 752 1180 793 in
1225 752 1455 794 Medicea
1498 752 1656 794 scholia
1698 751 1768 793 vel
1811 751 1954 806 potius
1992 751 2097 793 haec
2134 751 2280 793 mutila
2308 755 2350 793 et
2378 750 2519 792 lacera

99 823 352 866 scholiorum
373 822 612 877 fragmenta
630 836 706 876 per
724 821 862 864 varios
883 821 1138 873 glossatores
1159 818 1458 872 epitomatores
1478 818 1544 861 vel
1565 818 1690 860 etiarn
1711 817 2006 872 compilatores
2025 825 2247 871 utcumque
2268 817 2517 859 concinnata

98 888 190 931 iure
220 902 273 931 ae
300 887 449 931 merito
479 885 595 931 cadit
636 898 879 939 summaque
923 883 1062 928 cautio
1092 883 1136 926 in
1164 883 1227 927 eis
1257 883 1509 939 usurpandis
1538 883 1605 927 vel
1634 897 1727 926 eam
1756 882 1810 926 ob
1840 896 2011 926 causam
2039 881 2283 926 adhibenda
2311 887 2377 926 est
2405 880 2518 937 quod

99 954 327 997 admodum
357 966 495 1009 pauca
522 954 683 996 scholia
710 953 946 993 lemmata
974 949 1159 1004 praefixa
1188 950 1360 1004 habent,
1391 950 1492 1006 quid
1519 949 1689 993 tandem
1719 962 1878 1004 quaeso
1904 948 2095 992 dicamus
2115 949 2169 992 de
2187 948 2347 991 infelici
2368 956 2520 991 conatu

99 1034 243 1063 eorum
275 1021 345 1073 qui
377 1035 431 1061 ex
460 1020 591 1060 inutili
621 1033 671 1059 ac
701 1018 807 1059 futili
837 1016 1232 1071 Byzantinorum
1262 1018 1516 1059 scholiorum
1545 1017 1753 1069 farragine
1780 1017 1916 1070 ipsum
1942 1017 2169 1068 genuinum
2190 1022 2234 1057 et
2252 1015 2518 1068 germanissi—
2557 1028 2561 1030 ’

100 1099 213 1130 ιιιιιιιι
245 1085 503 1141 Aeschylum
532 1082 755 1128 instaurari
784 1095 909 1139 posse
940 1088 1095 1126 temere
1124 1081 1207 1126 sibi
1243 1088 1544 1138 persuaserunt
1580 1095 1730 1139 nempe
1765 1095 1841 1139 pro
1869 1079 2183 1138 magnificentia
2211 1087 2253 1125 et
2282 1078 2519 1138 granditate

100 1154 342 1209 Aeschylea
385 1153 586 1194 insulsam
629 1157 671 1192 et
714 1152 783 1191 vix
827 1149 1043 1191 ferendam
1087 1149 1347 1191 ieiunitatem
1391 1150 1580 1192 Thomac
1616 1149 1805 1204 Magistri
1834 1149 1901 1191 vel
1931 1148 2115 1201 ,foedam
2144 1148 2518 1204 interpolationem¹

101 1221 292 1262 Trielinii
324 1220 441 1262 nobis
471 1217 693 1259 obtrudere
723 1230 804 1258 non
835 1216 1158 1258 erubescentes?
1187 1216 1290 1268 quid
1318 1217 1488 1269 inquam
1518 1217 1571 1257 de
1600 1216 1674 1257 tali
1717 1215 1973 1258 noviciorum
2016 1215 2277 1269 quorundam
2317 1215 2518 1269 interpre-

100 1290 189 1329 tum
218 1285 386 1341 incepto
416 1282 678 1327 statuamus?
707 1294 758 1324 ne
789 1281 919 1324 multa
947 1307 1001 1314 —-
1032 1281 1240 1338 piaculum
1271 1282 1578 1325 commiserunt.

306 1352 500 1404 Denique
532 1363 605 1405 pro
636 1350 784 1391 tertio
815 1348 1119 1391 emendationis
1147 1348 1415 1404 Aeschyleae
1445 1347 1631 1392 subsidio
1673 1348 1742 1390 lex
1784 1347 1857 1390 illa
1896 1347 2208 1403 compositionis
2251 1347 2519 1392 antitheticae

102 1434 236 1475 nuper
265 1435 291 1461 a
320 1418 468 1460 Weilio
497 1417 668 1458 inventa
702 1415 816 1457 haud
858 1415 1064 1458 immerito
1094 1415 1242 1458 haberi
1271 1416 1391 1458 solet.
1450 1428 1534 1470 qua
1563 1415 1732 1469 quidem
1760 1416 1854 1469 lege
1884 1428 2048 1456 omnem
2077 1427 2310 1457 sermonem
2332 1415 2520 1471 Aeschy-

100 1487 212 1528 leum
243 1486 299 1526 ad
329 1484 640 1527 similitudinem
684 1482 938 1524 canticorum
982 1482 1113 1523 teneri
1158 1482 1228 1534 qui
1272 1482 1432 1536 primus
1477 1482 1749 1537 sagacissime
1793 1481 2009 1537 perspexit
2052 1481 2243 1534 Weilius,
2281 1495 2375 1523 eum
2412 1483 2520 1524 bene

102 1553 308 1596 meruisse
337 1566 420 1594 non
450 1550 582 1593 solum
612 1548 666 1591 de
696 1553 808 1592 recte
838 1548 1102 1591 aestimanda
1131 1548 1333 1603 Aeschyli
1364 1554 1456 1591 arte
1485 1547 1530 1590 in
1559 1547 1859 1603 componendis
1879 1548 2140 1591 sermonibus
2160 1550 2224 1602 (ιιι
2246 1549 2324 1591 hoc
2351 1548 2520 1591 nomine

104 1619 359 1673 complectar
388 1628 674 1670 quaecumque
705 1628 788 1657 non
818 1614 1126 1668 cantabantur),
1172 1615 1315 1657 verum
1362 1615 1489 1656 etiam
1533 1613 1586 1656 de
1630 1613 1831 1657 universa
1873 1614 1968 1656 crisi
2012 1613 2249 1668 Aeschylea
2285 1614 2429 1667 ecquis
2458 1621 2522 1658 est

102 1684 177 1739 qui
206 1683 362 1737 neget?
392 1681 494 1736 quid
523 1681 663 1724 enim?
693 1694 829 1723 nonne
858 1680 1013 1733 insigni
1050 1680 1129 1722 hoc
1172 1680 1343 1722 invento
1374 1680 1400 1721 i.
1432 1693 1469 1722 e.
1500 1685 1724 1735 perspecta
1766 1692 2031 1724 numerorum
2073 1680 2233 1722 ratione
2276 1680 2532 1723 antithetica-

102 1762 262 1792 novum
291 1749 371 1791 arti
400 1748 569 1790 criticae
598 1747 737 1789 lumen
765 1746 952 1799 accendi,
982 1752 1026 1788 ut
1055 1747 1189 1801 ipsius
1218 1746 1359 1788 Weilii
1402 1747 1542 1789 verbis
1585 1753 1689 1800 utar,
1733 1746 1999 1789 manifestum
2039 1746 2131 1788 est?
2172 1747 2374 1801 ,profecto
2404 1748 2521 1790 multi

102 1820 201 1858 sunt
229 1816 295 1868 (ιιι
323 1814 437 1857 idem
465 1812 528 1856 ait
557 1813 583 1855 l.
614 1827 648 1855 c.
678 1827 718 1868 p.
750 1813 874 1866 Xlll)
905 1812 1018 1868 apud
1048 1812 1305 1867 Aeschylum
1336 1824 1484 1855 versus
1513 1825 1619 1867 quos
1654 1812 1728 1854 viri
1768 1811 1881 1855 docti
1911 1812 1956 1854 in
1984 1811 2318 1867 interpolationis
2355 1813 2521 1868 suspiti-

103 1894 226 1925 onem
255 1884 471 1934 vocarunt,
501 1880 604 1923 alios
634 1879 855 1933 excidisse,
884 1878 991 1922 alios
1033 1878 1228 1922 traiectos
1258 1891 1355 1922 esse
1385 1883 1616 1922 statuerunt
1651 1892 1788 1935 neque
1820 1884 1962 1922 tamen
1992 1891 2102 1933 quae
2131 1878 2214 1922 sibi
2242 1879 2323 1935 ipsi
2352 1893 2522 1935 persua·

104 1954 261 2000 serunt,
307 1947 434 1989 etiam
478 1947 574 1989 aliis
617 1947 856 2001 probarunt,
900 1946 976 1988 sed
1019 1946 1163 2000 paucis
1207 1946 1396 2001 exceptis
1440 1958 1547 2000 quae
1591 1947 1694 1989 satis
1738 1951 1854 1988 certa
1895 1945 2158 1999 videbantur,
2201 1946 2448 2001 plerumque
2477 1947 2521 1989 in

103 2013 273 2055 diversa
302 2012 486 2054 editores
515 2012 720 2054 abierunt.
777 2027 887 2066 nunc
916 2011 1083 2054 demum
1126 2017 1275 2066 parato
1317 2025 1427 2054 novo
1470 2012 1743 2055 instrumento
1785 2011 2004 2054 diiudicari
2047 2018 2184 2066 potest
2220 2025 2329 2065 quae
2365 2013 2408 2054 in
2443 2013 2523 2055 hoc

103 2092 265 2135 genere
294 2079 446 2132 bonae,
476 2091 586 2134 quae
614 2078 873 2122 inconsultae
904 2077 1165 2121 coniecturae
1195 2078 1383 2133 prolatae
1411 2078 1507 2132 sint,
1537 2085 1623 2122 tum
1653 2091 1754 2121 vero
1782 2092 1894 2122 nova
1923 2077 2128 2134 indagare
2156 2077 2255 2122 licet
2283 2092 2392 2134 quae
2413 2078 2523 2122 criti-

103 2159 247 2190 corum
278 2146 560 2198 sagacitatem
586 2145 803 2199 fugerunt!
833 2144 953 2188 vides
982 2145 1087 2188 haee
1107 2144 1173 2198 ad,
1190 2144 1457 2199 superiorem’
1476 2145 1588 2188 illam
1609 2157 1734 2199 quam
1755 2149 1906 2188 vocant
1924 2146 2026 2188 artis
2046 2144 2212 2187 criticae
2235 2151 2393 2200 partem
2414 2160 2522 2201 quae

103 2211 511 2266 interpolatione
541 2211 944 2265 transpositione
973 2211 1166 2253 lacunis
1196 2211 1443 2263 continetur,
1473 2211 1736 2265 potissimum
1765 2215 1972 2265 spectare.
2029 2223 2108 2252 nec
2137 2217 2277 2252 tamen
2295 2211 2434 2254 minus
2452 2224 2522 2253 va-

104 2278 191 2321 lere
223 2277 485 2333 praeclarum
517 2278 691 2329 ’έρμαιον
719 2276 823 2319 illud
850 2276 996 2330 negari
1025 2277 1165 2330 nequit
1195 2277 1320 2319 etiam
1349 2277 1405 2319 ad
1434 2277 1599 2330 singula
1627 2278 1826 2332 Aeschyli
1854 2277 1987 2319 verba
2006 2276 2249 2331 indaganda
2268 2284 2310 2320 et
2338 2278 2523 2321 eruenda

103 2343 355 2400 praesertim
376 2344 420 2384 in
441 2343 642 2386 diverbiis
662 2343 750 2385 sive
770 2342 1030 2384 sermonibus
1051 2342 1223 2384 alternis
1245 2342 1432 2398 locisque
1453 2342 1799 2398 stichomythicis.
1841 2342 1993 2385 etenim
2014 2355 2250 2385 sermonum
2270 2343 2522 2386 alternorum

104 2424 198 2453 eam
229 2423 322 2451 esse
354 2409 701 2464 compositionem
731 2408 933 2463 exemplis
963 2421 1045 2449 non
1066 2409 1212 2463 paucis
1232 2409 1534 2451 demonstravit
1552 2408 1731 2452 Weilius
1750 2415 1796 2451 ut
1815 2408 2019 2452 dictorum
2038 2414 2460 2463 argumentorumque
2480 2410 2523 2452 vi

104 2483 231 2531 atque
262 2475 370 2517 adeo
391 2476 488 2530 ipsa
519 2474 757 2517 elocutione
786 2474 843 2515 ad
872 2474 1068 2517 carminis
1097 2476 1316 2517 amoebaei
1346 2475 1660 2518 similitudinem
1690 2487 1823 2529 prope
1852 2475 2070 2517 accedant.
2128 2475 2226 2528 quin
2247 2476 2373 2518 etiam
2394 2489 2523 2532 saepe

104 2555 279 2585 numero
310 2540 531 2596 responsio
560 2545 645 2583 tam
676 2546 875 2583 accurata
904 2546 968 2583 est
997 2547 1041 2582 ιιι
1069 2541 1258 2584 similiter
1288 2546 1414 2595 atque
1435 2542 1479 2584 in
1498 2541 1682 2596 strophis
1702 2547 1745 2584 et
1764 2539 2034 2595 antistrophis
2055 2540 2309 2583 canticorum
2328 2555 2411 2584 vox
2432 2543 2524 2585 voci

103 2607 232 2651 son'us
252 2621 357 2651 sono
386 2612 635 2663 opponatur.
681 2606 792 2650 unde
821 2606 866 2648 fit
896 2612 941 2649 ut
970 2607 1174 2650 eiusmodi
1203 2607 1308 2651 loeis
1339 2607 1430 2651 sola
1457 2607 1772 2664 compositionis
1791 2606 2060 2651 antitheticae
2080 2603 2162 2662 ope
2181 2607 2404 2662 genuinam
2425 2608 2523 2652 seri·

101 2681 267 2729 pturam
297 2681 510 2727 tamquam
541 2687 593 2715 ex
624 2673 909 2716 vetustissimo
939 2675 1168 2728 archetypo
1199 2675 1238 2715 h.
1270 2688 1306 2716 e.
1338 2688 1390 2716 ex
1419 2675 1513 2730 ipso
1545 2674 1757 2728 Aeschylo
1787 2673 1990 2726 indagare
2020 2673 2143 2716 nobis
2161 2674 2297 2716 liceat.
2329 2674 2445 2717 cuius
2464 2675 2522 2718 rei

103 2739 262 2794 aliquot
290 2740 502 2782 luculenta
531 2738 727 2796 exempla
757 2739 901 2781 critica
931 2739 1052 2782 huius
1082 2739 1214 2795 ipsius
1244 2741 1424 2796 episodii
1460 2740 1657 2783 tractatio
1687 2738 1990 2795 suppeditabit.
2049 2740 2298 2796 omninoque
2327 2741 2523 2797 periodos

103 2808 370 2849 antitheticas
401 2806 524 2849 sicuti
553 2806 750 2861 strophas
780 2813 823 2848 et
852 2806 1134 2860 antistrophas
1165 2807 1320 2861 lyricas
1349 2820 1487 2850 rerum
1519 2813 1560 2849 et
1587 2802 1820 2849 verborum‘
1840 2806 1909 2849 vel
1951 2806 2225 2850 similitudine
2262 2808 2327 2849 vel
2357 2808 2543 2863 opposi-‘

104 2873 216 2916 tione
246 2872 359 2916 haud
390 2886 483 2916 raro
514 2871 763 2927 conspicuas
792 2885 888 2916 esse
917 2871 1119 2916 videmus.
1175 2877 1347 2926 ,etenim
1377 2872 1615 2928 Aeschylus
1644 2872 1713 2927 (ut
1740 2871 1853 2915 idem
1881 2872 2061 2916 Weilius
2090 2872 2189 2916 dicit
2210 2874 2237 2916 l.
2259 2887 2294 2916 c.
2315 2888 2355 2928 p.
2376 2874 2418 2916 X
2439 2874 2522 2928 sq.)

104 2939 149 2981 id
178 2940 363 2982 habebat
392 2951 485 2981 cum
516 2943 668 2990 natura
695 2938 929 2994 ingenitum
958 2943 1046 2981 tum
1076 2942 1165 2982 arte
1194 2939 1405 2982 insuetum
1434 2943 1479 2982 ut
1508 2950 1771 2995 quocumque
1800 2937 1930 2981 animi
1950 2937 2084 2982 aciem
2103 2938 2353 2995 intenderet,
2382 2944 2524 2997 partes

105 3006 329 3059 dispiceret
356 3006 428 3048 vel
456 3007 612 3047 similes
640 3007 707 3047 vel
737 3005 970 3060 oppositas,
1002 3005 1204 3058 quidquid
1232 3006 1372 3047 animo
1402 3005 1660 3058 informaret,
1689 3006 1951 3048 narrationes
1979 3005 2285 3061 descriptiones
2310 3019 2548 3061 sermones,

105 3076 223 3115 actus
252 3070 446 3117 bifariam
476 3070 695 3116 divideret.
754 3076 927 3127 eratque
957 3070 1038 3115 hoc
1067 3085 1149 3114 non
1177 3072 1392 3128 Aeschylo
1421 3072 1633 3127 proprium
1664 3071 1740 3116 sed
1769 3071 1990 3127 antiquiori
2019 3072 2276 3116 Graecorum
2305 3074 2385 3116 arti
2415 3087 2524 3117 com-

104 3150 231 3182 mune
259 3150 396 3193 neque
425 3137 547 3182 aliter
575 3137 779 3196 Aeschyli
807 3136 999 3194 aequalis
1027 3137 1290 3194 Polygnotus
1317 3151 1495 3195 magnas
1525 3137 1621 3183 illas
1650 3150 1757 3193 quas
1785 3137 1976 3196 Delphis.
1994 3138 2326 3196 pinxit-tabulas
2346 3138 2522 3196 adorna·
2541 3174 2549 3192 „-

104 3206 179 3247 bat
207 3204 479 3258 eiusdemque
522 3205 676 3247 aetatis
718 3205 949 3261 sculptores
993 3205 1226 3260 Aeginetici
1270 3210 1432 3248 statuas
1476 3205 1664 3259 singulas
1708 3204 1985 3260 excudebaut,
2029 3206 2173 3263 plures
2205 3206 2247 3249 in
2274 3206 2549 3261 templorum-.-
