2636 3572
1278 93 1323 132 11

91 223 300 267 emblema
327 220 522 263 omnibus
550 221 704 263 criticis
734 220 926 276 probavit
955 221 1034 264 nisi
1063 221 1176 277 quod
1205 222 1394 265 Keckins
1423 220 1593 279 proprio
1631 225 1782 261 conatu
1818 219 1943 261 talem
1979 219 2117 275 potius
2145 232 2291 261 versus
2321 218 2506 274 speciem

92 289 419 333 commendavit:
465 289 549 336 ἐγὼ
595 291 643 329 δὲ
685 289 844 329 πάντας
888 290 1124 338 (ωφρόνωε
1154 290 1262 339 ἔχειν
1292 292 1413 331 θέλω.
1445 289 1639 341 equidem
1671 293 1717 328 nt
1746 287 1881 327 dicam
1912 286 2024 337 quod
2054 288 2186 328 sentio
2215 300 2294 327 nec
2324 287 2507 338 interpo-

91 355 292 398 lationem
321 367 400 397 nec
428 354 714 396 traiectionem
745 366 824 395 nec
853 353 1045 395 lacunam
1076 354 1143 396 hic
1171 357 1302 410 probo
1334 358 1400 410 qui
1431 367 1606 412 parvam
1637 358 1797 394 tantum
1827 351 2057 394 labeculam
2088 352 2146 393 illi
2175 351 2312 394 versui
2335 351 2506 406 adsper-

92 436 183 465 sam
212 424 306 464 esse
335 426 478 478 putem
509 434 635 475 quam
665 421 725 464 sic
761 420 1022 464 deterserim:
1065 421 1239 464 τοιαῦτά
1280 437 1357 465 τοι
1399 422 1558 473 γυναιξὶ
1608 419 1814 462 (υνναίων
1858 418 1964 471 ἔχω.
2008 426 2092 461 tam
2136 420 2251 474 gravi
2296 417 2507 461 sententia

93 489 305 530 Eteoclem
335 501 362 529 a
391 488 592 530 conviciis
621 489 662 530 in
693 488 874 542 virgines
904 488 1131 530 Thebanas
1166 489 1328 531 iactatis
1368 489 1588 531 transitum
1632 499 1782 542 parare
1825 485 1880 527 ad
1925 499 2116 527 severunt
2162 486 2342 527 edictum
2385 499 2505 527 suum

92 554 226 610 (quod
259 555 479 597 177-180
506 556 767 608 proponitur)
796 554 1057 608 aptissimum
1097 559 1161 595 cst
1205 568 1283 595 nec
1325 556 1393 609 qui
1436 555 1669 597 orationem
1715 552 1862 594 duram
1906 558 1948 593 et
1991 552 2251 597 decurtatam
2294 553 2337 593 in
2381 565 2505 594 versu

94 623 176 664 177
204 620 266 662 κεί
296 621 349 671 μή
379 634 441 662 τις
467 623 541 662 κτλ
565 620 859 675 vituperavere
889 619 1135 674 particulam
1156 621 1296 663 τοίνυν
1315 623 1381 663 vel
1400 622 1483 673 ἄρα
1503 621 1571 662 vel
1591 619 1738 669 τοιγάρ
1759 619 1825 661 vel
1847 619 1983 661 simile
2005 619 2103 670 quid
2137 619 2191 660 ad
2226 617 2505 660 conectendos

92 701 239 730 versus
269 685 570 740 desiderantes,
602 686 771 729 omnino
800 686 1010 740 cogitasse
1040 686 1140 728 mihi
1169 686 1360 729 videntur
1387 688 1577 730 homines
1607 687 1736 728 iratos
1767 691 1809 727 et
1838 685 2105 739 increpantes
2136 685 2316 726 bra2ite1·
2335 691 2375 726 et
2397 698 2504 726 eom-

91 766 239 808 presse
268 752 382 805 loqui
414 752 549 793 solere
577 765 831 806 prorsusque
861 752 1072 793 abstinere
1102 752 1315 806 particulis
1345 752 1626 807 syllogisticis.
1686 751 1836 804 quodsi
1882 750 1974 803 quis
2010 749 2189 805 denique
2218 755 2404 804 quaerat,
2435 749 2506 802 qui

91 820 261 863 tandem
290 819 446 861 factum
475 818 530 860 sit
558 824 603 859 ut
632 832 780 860 versus
807 818 895 859 ille:
924 821 1097 859 τοιαῦτα
1124 819 1201 860 τᾶν
1229 822 1385 867 γυναιξὶ
1410 820 1616 861 ευνναίων
1636 819 1747 869 ἔχοι(
1770 818 1851 870 (sic
1884 818 1996 858 enim
2017 817 2142 869 vulgo
2163 830 2272 857 nunc
2293 816 2505 868 scribitur)

91 886 132 929 in
162 885 331 937 γνώμη(
362 883 547 939 speciem
576 884 733 937 abiretr
756 896 849 926 eum
879 889 1075 940 reputare
1105 884 1229 927 velim
1259 885 1361 927 nihil
1390 886 1469 928 hoc
1499 884 1762 939 corruptelae
1798 895 1954 938 genere
1989 882 2249 936 frequentius
2280 895 2385 925 esse.
2445 882 2509 925 sic

91 960 136 995 ut
165 952 282 994 aliud
310 951 475 1003 insigne
505 951 740 1004 exemplum
771 951 895 992 huius
926 951 1096 992 fabulae
1126 952 1309 1005 afferam,
1340 952 1611 1005 gravissimus
1641 964 1785 993 versus
1816 951 1900 992 700
1928 963 2011 1002 quo
2038 950 2166 991 totius
2197 950 2366 991 fabulae
2397 950 2509 991 The·

91 1020 229 1062 banae
258 1018 526 1068 καταετροφή
557 1016 644 1059 sive
674 1017 912 1068 περιπέτειαι
941 1016 1161 1070 indicatur,
1191 1017 1290 1059 item
1319 1018 1371 1059 ad
1402 1019 1509 1060 hane
1538 1032 1798 1060 communem
1826 1016 2068 1070 ambiguam
2105 1022 2146 1058 et
2189 1015 2370 1057 debilem
2415 1030 2510 1058 sen·

90 1086 281 1128 tentiam:
326 1086 437 1126 θεῶν
480 1083 686 1125 διδόντων
729 1083 806 1125 οὐκ
849 1083 901 1125 ἂν
945 1083 1164 1135 ἐκφύγοι(
1208 1084 1329 1125 κακά
1356 1098 1382 1126 a
1423 1083 1699 1126 delirantibus
1744 1082 1926 1126 librariis
1971 1082 2213 1138 criticisque
2258 1083 2509 1136 quibusdam

90 1152 336 1208 pedisequis
365 1151 558 1192 redactus
589 1157 663 1192 est.
710 1150 781 1202 qui
813 1150 982 1203 quidem
1013 1164 1160 1192 versus
1190 1151 1392 1203 quomodo
1426 1151 1712 1192 emendandus
1743 1151 1810 1203 sit,
1840 1151 2090 1204 explicatius
2120 1150 2205 1191 alio
2235 1151 2327 1191 loco
2357 1150 2508 1191 dicam.

91 1219 145 1261 ad
176 1218 286 1260 idem
315 1217 603 1268 γνωμολογίας
633 1230 765 1269 genus
795 1222 958 1271 spec-tat
1002 1217 1127 1259 etiam
1173 1218 1405 1260 Promethei
1440 1218 1556 1259 locus
1595 1217 1636 1258 in
1667 1218 1840 1271 prologo
1869 1218 1936 1259 49.
1968 1217 2025 1259 50
2054 1231 2136 1258 non
2164 1218 2301 1258 minus
2330 1217 2508 1268 insignis

91 1298 215 1339 quem
244 1289 341 1326 ante
370 1283 522 1325 multos
552 1296 684 1340 annos
713 1284 850 1324 annal.
882 1282 1024 1337 philol.
1056 1281 1323 1325 Fleckeiseni
1352 1284 1432 1325 vol.
1463 1282 1691 1325 LXXXIII
1719 1297 1758 1337 p.
1785 1285 1866 1326 531
1889 1296 1978 1336 sqq.
2001 1297 2227 1338 persanare
2249 1283 2401 1324 studui.
2433 1282 2510 1325 sed

91 1351 312 1393 redeamus
339 1349 395 1391 ad
425 1349 658 1405 episodium
689 1354 887 1390 nostrum.

297 1418 526 1458 184-189.
558 1416 664 1457 haec
692 1416 866 1468 stropha
895 1415 1081 1467 undique
1111 1417 1238 1458 variis
1266 1416 1523 1458 librariorum
1546 1416 1707 1457 mendis
1729 1417 1901 1469 oppleta
1920 1422 1996 1466 cst,
2018 1416 2093 1456 sed
2123 1416 2281 1458 nullum
2312 1416 2510 1457 mendum

92 1484 262 1538 gravius
292 1496 416 1537 quam
445 1482 550 1524 illud
577 1481 689 1536 quod
719 1481 900 1524 omnium
930 1481 1162 1523 criticorum
1193 1495 1365 1524 acumen
1393 1483 1533 1525 nescio
1569 1495 1651 1536 quo
1688 1489 1812 1536 pacto
1852 1482 2010 1534 effugit.
2071 1483 2171 1535 quid
2200 1483 2342 1524 enim?
2372 1495 2509 1525 nonne

93 1551 241 1593 misere
271 1549 426 1602 frigere
456 1548 660 1589 sentimus
689 1548 1040 1602 praepositionem
1072 1548 1140 1588 διά
1171 1550 1249 1590 188
1278 1549 1346 1590 vel
1374 1548 1514 1602 potius
1543 1549 1611 1589 δία
1641 1563 1716 1602 per
1751 1548 2053 1598 ἀναετροφήνῗ)
2092 1563 2167 1603 pro
2198 1562 2281 1601 qua
2312 1550 2507 1602 equidem

94 1615 333 1672 scripserim
364 1614 476 1663 ζυγά.
506 1614 724 1664 πηδαλίων
754 1613 857 1663 ζυγά
899 1618 995 1656 sunt
1038 1614 1484 1668 gubernaculorum
1527 1615 1657 1657 clavi
1701 1614 1947 1668 quibuscum
1985 1628 2061 1668 per
2090 1616 2376 1669 metaphoram
2408 1629 2433 1656 a
2464 1629 2508 1657 re

94 1682 232 1724 navali
277 1687 483 1734 sumptam
528 1688 627 1734 apte
671 1684 965 1733 comparantur
1007 1680 1153 1721 frena
1195 1681 1495 1722 habenarum
1540 1682 1566 1722 i.
1612 1695 1647 1722 e.
1694 1680 1883 1730 (τομίδεε
1927 1682 2119 1730 χαλινῶν.
2165 1681 2354 1730 ετομὶδε(
2395 1687 2508 1722 recte

93 1747 268 1790 Weilius
296 1747 417 1789 metri
447 1760 577 1789 causa
605 1746 793 1800 reposuit
822 1760 897 1800 pro
927 1746 1125 1789 librorum
1154 1747 1356 1801 scriptura
1384 1749 1515 1798 (τόμοι
1543 1748 1654 1801 quod
1684 1747 1835 1799 reliqui
1866 1746 1999 1788 critici
2029 1746 2249 1806 ixrcroum
2284 1753 2506 1789 mutarunt.

94 1829 147 1857 en
175 1814 309 1856 habes
339 1813 689 1867 comparationem
734 1812 902 1867 plenam
945 1818 988 1854 et
1030 1812 1264 1855 absolutam
1294 1814 1580 1868 Aeschyloque
1611 1814 1795 1867 dignam,
1824 1826 1950 1867 quam
1980 1813 2149 1866 quidem
2179 1829 2205 1855 a
2236 1815 2362 1857 choro
2392 1815 2509 1858 insti—

92 1885 223 1923 tutam
253 1881 377 1922 etiam
408 1879 601 1921 Eteocles
630 1891 833 1934 responso
862 1891 938 1921 suo
967 1879 1198 1935 respiciens
1226 1879 1410 1935 pluribus
1437 1880 1698 1936 persequitur
1732 1880 1811 1922 190
1840 1892 1918 1934 sqq
1970 1893 2079 1921 nunc
2115 1880 2280 1934 reliqua
2308 1881 2508 1936 strophae

92 1948 245 1990 menda
274 1947 337 1989 sic
365 1959 526 1987 mecum
558 1946 736 1998 corrige:
766 1945 944 1999 primum
977 1947 1056 1989 186
1084 1960 1160 2000 pro
1204 1948 1388 1989 codicum
1430 1948 1637 2002 scriptura
1679 1947 1885 1997 ἑλίτροχοι
1928 1960 2037 2000 quae
2081 1947 2201 1989 nihili
2246 1955 2323 1996 ost,
2368 1949 2508 1991 scribe

94 2027 252 2068 quaeso
281 2012 426 2056 addita
454 2026 538 2055 una
567 2012 731 2067 syllaba
761 2025 843 2066 qua
873 2026 925 2055 nc
955 2012 1171 2057 dochmius
1216 2014 1381 2068 quidem
1424 2027 1566 2057 carere
1609 2019 1749 2068 potest
1779 2039 1829 2044 —
1863 2013 2134 2065 ἑλικότροχοι.
2179 2015 2292 2067 quod
2336 2015 2510 2068 quidem

92 2080 307 2135 epitheton
335 2079 562 2123 secundum
591 2079 828 2133 analogiam
865 2079 1042 2134 epitheti
1086 2080 1295 2122 Homerici
1337 2081 1493 2132 ἑλίκωψ
1530 2087 1575 2122 ut
1609 2080 1771 2122 videtur
1814 2081 2115 2123 conformatum
2160 2083 2214 2123 ad
2259 2082 2509 2125 modiolos

93 2153 231 2189 rotas
261 2147 525 2189 volventes
552 2145 743 2201 inprimis
772 2145 1130 2188 accommodatum
1160 2152 1236 2188 est.
1295 2152 1378 2188 tum
1411 2149 1488 2189 187
1519 2146 1744 2197 ἀγρύπνων
1773 2147 1884 2200 (libri
1924 2162 2071 2189 omnes
2114 2148 2273 2189 habent
2315 2147 2514 2201 &ommvy

93 2213 206 2266 quod
235 2226 328 2256 cum
358 2212 549 2255 Seidlero
579 2211 922 2265 Blomficldioque
952 2212 996 2254 in
1025 2217 1183 2255 textum
1213 2213 1368 2268 recepit
1410 2213 1673 2256 Hermannus
1718 2213 1774 2255 ad
1817 2212 1955 2255 locum
1997 2213 2239 2256 Promethei
2281 2215 2366 2257 360
2409 2215 2509 2257 item

92 2283 329 2334 suspectum
357 2291 606 2334 provocans,
637 2291 759 2322 nemo
789 2291 872 2321 non
902 2279 1029 2322 sentit
1058 2292 1182 2334 quam
1211 2280 1320 2322 iners
1348 2291 1400 2321 ne
1428 2278 1567 2322 dicam
1596 2279 1785 2335 ineptum
1815 2280 2032 2337 epitheton
2052 2281 2509 2335 gubernaculorum

92 2346 157 2387 sit.
187 2358 267 2386 nec
292 2345 482 2399 profecto
509 2345 645 2398 magis
676 2346 1010 2388 commendabile
1042 2347 1215 2388 Emsleii
1244 2346 1454 2388 inventum
1484 2345 1622 2399 diost)
1653 2352 1726 2388 aut
1754 2348 2016 2389 Lachmanni
2047 2348 2287 2390 coniectura
2315 2349 2453 2390 ἄπυον
2482 2362 2509 2391 a

92 2411 309 2454 Diudorfio
359 2411 549 2467 reposita
586 2423 695 2465 quae
724 2411 793 2453 vel
823 2417 993 2467 propter
1021 2413 1207 2456 insolens
1237 2413 1358 2455 huius
1387 2413 1505 2454 verbi
1534 2413 1801 2468 hyperbaton
1829 2427 2000 2470 prorsus
2029 2414 2244 2456 reicienda
2272 2421 2347 2457 est.
2405 2413 2509 2470 quid

91 2478 248 2522 multa?
275 2478 372 2533 lege
400 2490 564 2520 mecum
593 2477 781 2519 εὐτύκων
801 2503 854 2510 -
876 2491 1000 2531 quam
1031 2484 1177 2522 'vocem
1205 2480 1482 2535 Aeschyleam
1511 2479 1556 2522 in
1585 2479 1704 2523 libris
1740 2479 2007 2523 obliteratam
2046 2494 2100 2522 ex
2135 2480 2341 2536 Hesychii
2371 2482 2508 2525 lexico

92 2552 244 2602 poetae
263 2551 405 2587 nostro
425 2545 679 2597 aliquotiens
698 2545 872 2587 restitui.
916 2546 1152 2600 Hesychius
1172 2548 1282 2589 enim
1300 2547 1409 2588 hanc
1427 2547 1615 2599 glossam
1633 2547 1781 2589 habet:
1802 2547 2022 2589 εὐτυκέε·
2052 2547 2293 2601 (εὔτυκοεῖ)
2323 2550 2506 2600 εὐεργὲεζ

92 2612 273 2665 εὐχερές.
303 2611 540 2663 εὐποίητον.
571 2610 727 2666 ῥᾴδιον.
757 2610 859 2667 quid
887 2625 988 2655 vero
1017 2613 1155 2668 aptius
1190 2625 1315 2668 quam
1356 2613 1687 2668 gubernaculum
1730 2614 1814 2657 dici
1857 2614 1927 2657 vel
1968 2614 2166 2658 affabre
2210 2615 2396 2659 factum
2438 2618 2508 2663 vel

92 2679 397 2723 commodum
426 2679 494 2721 vel
523 2679 724 2722 habile?
753 2678 935 2732 denique
968 2681 1048 2724 189
1075 2694 1151 2735 pro
1193 2682 1463 2732 πυριγενετᾶν
1504 2681 1618 2736 quod
1661 2695 1810 2737 parum
1853 2681 2034 2736 quadrat
2061 2682 2105 2724 in
2144 2682 2259 2737 ipsas
2303 2675 2505 2738 habenas,

90 2746 176 2790 leni
190 2755 192 2758 ’
206 2759 309 2789 sane
337 2746 564 2789 mutatione
607 2745 873 2789 scribendum
917 2747 1179 2798 πυριγενέται
1220 2747 1403 2801 illudque
1446 2748 1711 2791 referendum
1741 2748 1798 2791 ad
1826 2749 1918 2792 sola
1943 2748 2108 2791 frena:
2136 2749 2219 2793 nisi
2249 2750 2356 2793 forte
2386 2752 2507 2807 malis

302 2870 336 2915 *)
361 2869 514 2907 criticus
549 2869 692 2915 Anglus
728 2869 906 2907 Paleius
941 2870 1008 2907 hoc
1042 2869 1321 2908 infelicissimum
1354 2871 1535 2916 popularis
1571 2872 1626 2909 sui
1668 2872 1853 2909 inventum
1887 2873 2048 2918 cupidius
2073 2874 2110 2910 in
2133 2878 2271 2910 textum
2296 2874 2430 2918 recepit
2454 2875 2507 2910 sic

91 2930 200 2966 verba
222 2929 462 2973 interpretans
483 2927 508 2962 1.
533 2937 563 2963 c.
587 2937 622 2972 p.
647 2929 731 2964 264:
767 2928 851 2971 ‚and
885 2928 989 2964 when
1011 2928 1033 2963 Ι
1062 2928 1172 2963 heard
1194 2928 1271 2971 (the
1294 2928 1392 2963 noise
1415 2929 1468 2971 of)
1491 2928 1555 2966 the
1577 2929 1730 2974 guiding
1755 2948 1798 2954 —
1824 2930 1920 2966 teins
1955 2931 1995 2966 of
2026 2931 2147 2966 horsea
2182 2932 2220 2967 in
2248 2930 2342 2966 their
2364 2932 2507 2969 mouths

90 2988 153 3024 the
176 2987 248 3023 bita
270 2986 398 3031 forged
420 2986 459 3022 in
481 2986 544 3022 the
567 2983 652 3022 fite:
678 2987 741 3023 sed
764 2986 917 3030 (reliqua
950 2986 1168 3021 incommoda
1201 2986 1320 3021 omnia
1353 2991 1397 3021 ut
1430 2998 1525 3022 nuuc
1560 2988 1833 3030 mittamynum
1868 2986 1959 3029 ἇΐεα
1997 2992 2172 3035 πηδαλίων
2210 2992 2244 3025 h.
2282 3000 2312 3024 e.
2353 2991 2506 3026 audire

90 3043 389 3091 gubernacula
412 3042 553 3081 omnino
576 3041 648 3080 dici
670 3042 817 3090 potest?
840 3041 919 3089 quis
948 3041 1042 3080 enim
1064 3041 1210 3079 obsecro
1233 3042 1287 3080 ita
1315 3042 1473 3089 loquitur
1497 3065 1541 3072 -
1567 3044 1719 3083 audire
1747 3044 2046 3092 gubernacula
2074 3056 2137 3092 pro
2166 3045 2318 3085 audire
2348 3045 2508 3094 stropi-

90 3107 179 3138 tum
202 3103 261 3138 vel
284 3102 518 3138 stridorem
540 3103 859 3146 gubernaculorum
882 3101 940 3137 vel
962 3105 1006 3136 ut
1033 3110 1160 3145 graeco
1195 3102 1331 3146 loquar,
1367 3101 1456 3140 ἀΐω
1483 3103 1626 3154 ψόφον
1652 3103 1853 3153 πάταγον
1891 3105 1948 3139 vel
1991 3101 2147 3151 ὄτοβον
2174 3104 2369 3152 πηόσλίυνῖ
2398 3105 2508 3149 plane

90 3163 134 3196 ut.
156 3159 329 3196 consimili
352 3159 430 3196 loco
454 3158 515 3204 qui
538 3159 643 3204 paulo
667 3163 752 3196 ante
775 3158 957 3205 praecedit
992 3159 1059 3195 185
1094 3154 1283 3198 ἇκῦσασα
1311 3158 1371 3199 τὸν
1397 3155 1667 3211 ‹imon-mov
1695 3156 1824 3209 ὄτοβον
1849 3164 1917 3200 κτλ.

2282 3238 2305 3272 2
