2636 3572
1140 248 1367 313 Cap,
1405 249 1484 302 1.

358 355 505 417 De
555 354 1111 418 recensione
1163 349 1688 415 Godofredi
1736 352 2280 418 Hermanni.

316 496 376 538 Ae
436 496 571 551 primo
630 497 798 551 quidmn
859 500 1017 539 textum
1077 492 1200 535 huius
1254 493 1429 548 episodii
1487 493 1778 537 exhibebimus
1838 495 2066 537 secundum
2126 497 2362 552 exemplum
2420 499 2520 541 Her-

100 560 243 604 manni
273 576 366 615 ,neo
397 569 685 620 corruptorum
717 563 840 606 nimis
868 569 994 606 tenax
1023 572 1102 603 neo
1130 558 1303 603 liberius
1331 572 1517 613 evagans
1545 559 1771 615 mutando,’
1811 566 1857 604 ut
1891 560 1952 603 ait
1986 561 2252 615 Bitschelius,
2294 577 2377 606 non
2420 566 2522 608 satis

99 627 320 670 commoda
364 636 505 673 nostro
550 630 720 684 quidem
766 629 939 672 oonsilio
985 625 1206 681 quantavis
1249 637 1326 681 per
1360 638 1406 667 se
1441 625 1593 669 virtute
1628 626 1806 670 nitentia
1842 626 2046 670 Dindorfli
2074 626 2300 682 Weiliique
2328 631 2522 685 exempla

98 706 193 735 cum
223 694 374 736 eodem
404 696 637 738 Ritschelio
667 701 890 750 propterea
920 694 1122 736 habentes
1164 690 1279 745 quod
1313 690 1356 732 in
1392 691 1495 745 ipsis
1538 692 1679 736 verbis
1722 697 1873 748 poetae
1916 693 1972 736 ab
2016 692 2277 747 antiquitatis
2320 695 2519 739 memoria

96 760 286 815 longiore
316 761 540 805 intervallo
571 762 740 805 distant.
799 766 937 804 textus
968 774 1066 803 vero
1096 758 1431 802 Hermannianus
1461 758 1527 801 hic
1557 765 1622 802 est
1650 773 1772 813 quem
1800 761 1913 802 infra
1940 763 2076 815 posui:

506 851 839 893 ΕΤΕΟΚΛΗΣ.

99 937 206 987 ὑμᾶς
238 937 397 987 ἐρωτῶ,
430 937 629 989 θρέμματ’
659 937 735 980 οὐκ
764 936 978 989 ἀναςχετά,

98 1002 122 1053 ἦ
154 1002 270 1044 ταῦτ’
299 1004 448 1055 ἄριςτα
477 1006 544 1046 καὶ
572 1006 692 1046 πόλει
723 1006 917 1054 ςωτήρια,

100 1073 264 1124 ςτρατῷ
294 1084 340 1111 τε
371 1071 526 1121 θάρςος
557 1075 665 1124 τῷδε
696 1071 1040 1122 πυργηρουμένῳ,
1162 1070 1242 1111 165

98 1135 224 1186 βρέτη
256 1136 462 1177 πεςούςας
492 1137 599 1187 πρὸς
630 1136 916 1187 πολιςςούχων
946 1137 1056 1177 θεῶν

98 1201 226 1247 αὔειν,
258 1201 461 1248 λακάζειν,
493 1203 732 1253 ςωφρόνων
763 1203 982 1253 μιςήματα;

98 1264 191 1317 μήτ’
220 1266 267 1308 ἐν
296 1270 455 1309 κακοῑςι
485 1267 577 1317 μήτ’
607 1269 652 1310 ἐν
682 1269 844 1310 εὐεςτοῑ
874 1268 974 1321 φίλῃ

98 1332 288 1375 ξύνοικος
320 1332 410 1383 εἴην
439 1347 499 1387 τῳ
528 1335 748 1389 γυναικείῳ
779 1338 911 1388 φυτῷ.

98 1401 308 1449 κρατοῦςα
340 1400 416 1449 μὲν
445 1400 524 1451 γὰρ
555 1401 633 1451 οὐχ
663 1400 864 1451 ὁμιλητὸν
895 1400 1059 1451 θράςος,
1160 1400 1240 1442 170

98 1465 265 1507 δείςαςα
296 1464 332 1507 δ’
352 1464 464 1520 ὀἴκῳ
495 1468 562 1507 καὶ
591 1467 710 1508 πόλει
740 1468 869 1508 πλέον
898 1467 1037 1508 κακόν.

96 1533 163 1574 καὶ
192 1535 270 1575 νῦν
298 1533 487 1575 πολίταις
518 1534 641 1575 τάςδε
673 1535 931 1584 διαδρόμους
962 1534 1100 1586 φυγὰς

96 1601 228 1641 θεῑςαι
259 1599 547 1651 διερροθήςατ’
577 1599 743 1652 ἄψυχον
773 1600 913 1651 κάκην·
962 1637 966 1641 .

96 1667 147 1707 τὰ
177 1669 263 1707 τῶν
293 1668 477 1717 θύραθεν
508 1666 544 1707 δ’
573 1669 631 1708 ὡς
662 1666 791 1717 ἄριςτ’
820 1669 1036 1718 ὀφέλλετε,

95 1733 216 1775 αὐτοὶ
245 1731 281 1774 δ’
309 1731 383 1785 ὑφ’
412 1732 553 1775 αὑτῶν
583 1734 757 1776 ἔνδοθεν
786 1735 1070 1785 πορθούμεθα.
1156 1736 1236 1778 175

93 1800 266 1841 τοιαῦτά
295 1800 372 1841 τᾶν
400 1801 558 1848 γυναιξὶ
588 1800 795 1841 ςυνναίων
826 1801 949 1852 ἔχοις.

94 1866 154 1906 κεί
184 1866 237 1915 μή
267 1879 327 1906 τις
358 1866 489 1916 ἀρχῆς
519 1869 594 1915 τῆς
626 1867 728 1915 ἐμῆς
760 1867 991 1911 ἀκούςεται,

93 1931 211 1983 ἀνήρ,
242 1931 346 1982 γυνή
377 1945 433 1978 τε,
464 1931 525 1983 χῶ
556 1946 594 1974 τι
622 1935 710 1974 τῶν
739 1934 989 1983 μεταίχμιον,

92 2001 242 2050 ψῆφος
272 1996 361 2038 κατ’
390 1998 532 2039 αὐτῶν
562 1998 742 2050 ὀλεθρία
772 1998 1050 2050 βουλεύςεται,

91 2066 297 2114 λευςτῆρα
327 2066 461 2114 δήμου
493 2063 529 2105 δ’
559 2064 610 2105 οὔ
641 2078 678 2105 τι
709 2065 762 2115 μὴ
795 2065 910 2119 φύγῃ
942 2064 1086 2116 μόρον.
1154 2065 1237 2108 180

92 2131 205 2182 μέλει
233 2131 313 2182 γὰρ
344 2130 474 2182 ἀνδρί,
506 2133 560 2182 μή
591 2133 697 2181 γυνὴ
730 2132 979 2183 βουλευέτω,

91 2197 290 2240 τᾶξωθεν·
321 2198 446 2240 ἔνδον
475 2196 511 2240 δ’
541 2198 647 2240 οὖςα
677 2199 731 2248 μὴ
765 2198 923 2249 βλάβην
951 2199 1064 2240 τίθει.

91 2264 272 2313 ἤκουςας
302 2265 327 2315 ἢ
359 2265 437 2305 οὐκ
465 2265 660 2316 ἤκουςας,
693 2265 718 2315 ἣ
750 2267 875 2319 κωφῇ
908 2265 1037 2314 λέγω;

556 2407 767 2450 ΧΟΡΟΣ.

94 2496 130 2538 ὦ
160 2497 285 2549 φίλον
315 2497 491 2539 Οἰδίπου
522 2499 654 2544 τέκος,
687 2496 809 2539 ἔδεις’
837 2497 961 2539 ἀκού·
1070 2511 1153 2550 ςτρ.
1183 2499 1233 2541 α’.

92 2576 196 2606 ςαςα
224 2563 299 2605 τὸν
329 2563 651 2615 ἁρματόκτυπον
681 2563 847 2616 ὄτοβον,
880 2564 1046 2617 ὄτοβον,
1155 2567 1234 2610 185

91 2629 164 2672 ὅτε
192 2643 238 2672 τε
266 2629 454 2681 ςύριγγες
486 2631 689 2681 ἔκλαγξαν
719 2631 937 2683 ἑλίτροχοι,

90 2695 271 2738 ἱππικῶν
298 2695 334 2737 τ’
361 2696 588 2747 ἀγρύπνων

91 2762 310 2812 πηδαλίων
338 2762 407 2803 δία
437 2763 581 2813 ςτόμια

90 2829 366 2879 πυριγενετᾶν
394 2831 584 2879 χαλινῶν.

494 2949 827 2992 ΕΤΕΟΚΛΗΣ.

89 3036 128 3078 τί
148 3035 246 3086 οὖν;
266 3036 293 3079 ὁ
311 3036 468 3087 ναύτης
489 3035 572 3088 ἆρα
591 3039 645 3089 μὴ
667 3039 726 3082 εἰς
745 3043 922 3096 πρῷραν
941 3041 1094 3094 φυγῶν
1149 3042 1233 3087 190

87 3102 334 3154 πρύμνηθεν
362 3102 461 3154 εὗρε
491 3105 680 3154 μηχανὴν
709 3106 925 3156 ςωτηρίας,

86 3168 197 3213 νεὼς
225 3167 437 3221 καμούςης
466 3169 625 3225 ποντίῳ
654 3171 762 3223 πρὸς
792 3171 957 3224 κύματις

1843 849 2053 890 ΧΟΡΟΣ.

1377 921 1466 965 ἀλλ’
1487 923 1553 965 ἐπὶ
1574 924 1787 976 δαιμόνων
1806 925 2051 978 πρόδρομος
2075 925 2207 978 ἦλθον
2227 926 2299 978 ἀρ-

1375 994 1474 1042 χαῖα
1506 992 1641 1043 βρέτη,
1672 994 1787 1033 θεοῖς
1817 993 1999 1039 πίςυνος,
2029 992 2103 1034 ἅτε
2134 992 2315 1046 νιφάδος

1376 1056 1438 1098 ὅτ’
1467 1059 1596 1100 ὀλοᾶς
1625 1060 1855 1110 νιφομένας
1887 1060 2044 1109 βρόμος
2075 1060 2121 1100 ἐν
2150 1059 2311 1104 πύλαις,
2438 1060 2516 1101 195

1377 1123 1429 1173 δὴ
1461 1122 1549 1164 τότ’
1577 1124 1713 1175 ἤρθην
1743 1125 1868 1179 φόβῳ

1376 1189 1483 1239 πρὸς
1515 1188 1712 1240 μακάρων
1741 1191 1864 1237 λιτάς,
1894 1191 2049 1232 πόλεος

1374 1252 1431 1296 ἵν’
1459 1255 1703 1306 ὑπερέχοιεν
1732 1256 1871 1298 ἀλκάν.

1780 1357 1812 1397 Ε
1819 1357 1852 1397 Τ
1861 1358 1892 1397 Ε
1902 1357 1936 1398 Ο
1946 1357 1975 1397 Κ
1983 1357 2016 1398 Λ
2026 1357 2058 1397 Η
2068 1358 2111 1397 Σ.

1374 1421 1538 1472 πύργον
1569 1422 1728 1472 ςτέγειν
1758 1423 1926 1475 εὔχεςθε
1956 1424 2156 1474 πολέμιον
2185 1423 2301 1474 δόρυ.

1838 1523 2047 1565 ΧΟΡΟΣ.

1372 1587 1450 1630 οὐκ
1479 1587 1558 1631 οὖν
1585 1587 1675 1632 τάδ’
1705 1590 1817 1632 ἔςται
1846 1591 1954 1642 πρὸς
1985 1593 2113 1640 θεῶν;
2429 1590 2511 1634 200

1776 1691 1807 1732 Ε
1816 1690 1848 1732 Τ
1858 1691 1889 1732 Ε
1899 1690 1933 1732 Ο
1943 1690 1972 1732 Κ
1981 1690 2014 1732 Λ
2024 1690 2056 1732 Η
2066 1691 2109 1732 Σ.

1959 1756 2049 1798 ἀλλ’
2077 1757 2155 1799 οὖν
2185 1759 2310 1800 θεοὺς

1370 1820 1526 1862 αὐτοὺς
1557 1821 1738 1871 ἁλούςης
1766 1822 1920 1864 πόλεος
1952 1823 2154 1864 ἐκλείπειν
2183 1824 2322 1871 λόγος.

1834 1926 2046 1968 ΧΟΡΟΣ.

1370 1989 1520 2042 μήποτ’
1549 1991 1653 2043 ἐμὸν
1682 1990 1770 2034 κατ’
1799 1992 1933 2034 αἰῶνα
1962 1993 2075 2034 λίποι
2103 1995 2215 2035 θεῶν

1368 2058 1444 2100 ἅδε
1474 2058 1717 2110 πανήγυρις,
1749 2057 1844 2110 μηδ’
1873 2059 2052 2111 ἐπίδοιμι
2081 2057 2196 2102 τάνδ’

1368 2125 1765 2176 ἀςτυδρομουμέναν
1794 2126 1918 2168 πόλιν
1947 2127 2014 2168 καὶ
2046 2125 2262 2178 ςτράτευμ’

1367 2192 1608 2242 ἁπτόμενον
1635 2193 1735 2242 πυρὶ
1765 2192 1882 2246 δαῖῳ.
2426 2194 2509 2236 205

1773 2286 2108 2329 ΕΤΕΟΚΛΗΣ.

1369 2365 1423 2416 μή
1455 2377 1524 2416 μοι
1554 2364 1682 2407 θεοὺς
1712 2366 1897 2406 καλοῦςα
1928 2364 2134 2416 βουλεύου
2163 2367 2312 2407 κακῶς·

1367 2429 1589 2483 πειθαρχία
1618 2429 1698 2482 γάρ
1730 2429 1814 2472 ἐςτι
1842 2432 1918 2481 τῆς
1949 2429 2173 2481 εὐπραξίας

1369 2498 1515 2548 μήτηρ,
1544 2499 1675 2548 γονῆς
1706 2499 1908 2548 ςωτῆρος·
1939 2494 2018 2537 ὧδ’.
2043 2496 2127 2548 ἔχει
2156 2497 2294 2547 λόγος.

1834 2595 2044 2638 ΧΟΡΟΣ.

1368 2677 1463 2720 ἔςτι·
1494 2676 1610 2718 θεοῖς
1641 2673 1678 2716 δ’
1708 2673 1765 2717 ἔτ’
1794 2674 1908 2725 ἰςχὺς
1938 2674 2239 2725 καθυπερτέρα·
2341 2673 2428 2717 ἀντ.
2459 2674 2505 2727 β’.

1366 2741 1544 2785 πολλάκι
1573 2738 1610 2782 δ’
1640 2740 1687 2782 ἐν
1715 2741 1875 2782 κακοῖςι
1902 2739 1979 2782 τὸν
2006 2738 2223 2792 ἀμήχανον
2423 2741 2507 2784 210

1366 2807 1445 2849 κάκ
1472 2808 1659 2859 χαλεπᾶς
1688 2806 1791 2848 δύας
1821 2805 1928 2856 ὑπέρ
1956 2804 1992 2846 τ’
2019 2806 2220 2856 ὀμμάτων

1365 2872 1661 2925 κρημναμενᾶν
1688 2871 1873 2924 νεφελᾶν
1902 2872 2007 2914 ςαοῑ.

1770 2957 2102 3002 ΕΤΕΟΚΛΗΣ.

1364 3039 1535 3091 ἀνδρῶν
1563 3036 1653 3082 τάδ’
1682 3037 1777 3085 ἐςτί,
1807 3037 1963 3091 ςφάγια
1991 3039 2059 3081 καὶ
2087 3039 2317 3091 χρηςτήρια

1365 3107 1524 3148 Θεοῖςιν
1551 3105 1700 3157 ἕρδειν,
1729 3103 1942 3156 πολεμίων
1969 3104 2253 3157 πειρωμένων·

1366 3173 1442 3216 ςὸν
1468 3170 1507 3215 δ’
1533 3171 1588 3215 αὖ
1617 3171 1668 3214 τὸ
1697 3173 1815 3221 ςιγᾶν
1841 3171 1909 3213 καὶ
1928 3171 2067 3223 μένειν
2086 3169 2186 3214 εῐςω
2204 3172 2360 3225 δόμων.
2424 3174 2505 3217 115

2365 925 2452 969 ἀντ.
2467 927 2515 969 α’.

2344 2006 2428 2044 ςτρ.
2461 1993 2507 2045 β’.
