2636 3572
495 269 832 312 ΕΤΕΟΚΛΗΣ.
1771 271 2105 315 ΕΤΕΟΚΛΗΣ.

92 337 145 385 μὴ
176 338 253 377 νῦν
282 334 479 378 ἀκούους’
508 336 711 387 ἐμφανῶς
741 336 860 379 ἄκου’
888 337 1005 386 ἄγαν.
1369 338 1608 393 Αἰτουμένῳ
1639 351 1708 388 μοι
1736 339 1903 390 κοῦφον
1931 338 1967 379 εἰ
1997 337 2116 389 δοίης
2147 338 2281 380 τέλος.

558 424 771 469 χοΡοΣ
1833 408 2045 450 ΧΟΡΟΣ

92 492 223 532 ςτένω
252 492 432 541 πόλιςμα
462 493 595 533 δαΐων
625 494 931 542 κυκλουμένων.
1150 493 1234 535 230
1367 478 1503 525 λέγω(
1534 477 1586 518 ἂν
1615 477 1673 518 ὡ(
1703 477 1883 526 ΤὰΧῑααν
1912 477 1980 517 καὶ
2007 473 2097 517 “5¹'’
2124 475 2296 526 εἷωμαῑ·

247 544 249 546 ’
497 570 832 612 ετεοκΛΗΣ.
1769 545 2100 589 ΕΤΕΟΚΛΗΣ

90 635 248 677 οὐκοῦν
277 634 340 687 ἔμ’
368 637 490 688 ἀρκεῖ
517 640 652 680 τῶνδε
684 637 899 689 βουλεύειν
926 637 1030 689 πέρι.
1367 615 1543 666 (ίγηων’
1574 613 1609 655 ὧ
1638 613 1824 661 ‘dmum'
1854 614 1908 665 μὴ
1939 613 2093 665 φίλου(
2123 613 2261 665 φόβει·
2422 616 2504 658 ²45

557 725 769 768 ΧΟΡΟΣ.
1441 761 1457 770 .
1538 759 1547 770 .
1829 691 2039 770 ᾏΟΡΟΣ

90 789 252 839 δέδοικ’,
284 791 474 843 ἀραγμὸς
505 792 542 833 δ’
572 794 619 834 ἐν
647 794 797 834 πύλαις
826 794 1086 844 ὀφέλλλεται.
1366 771 1477 806 (mu.
1508 771 1583 800 ων
1610 757 1753 799 ἄλλοι(
1767 758 2295 877 ἕξιὲᾍιὲιΛτΙ-ῒέόραμον·

135 947 144 961 ‚
205 949 222 958 ..
496 882 830 959 ffssffoxffflz·
847 947 857 959 .
961 948 969 958 .
1364 901 1486 943 Τοῦτ’
1516 900 1604 943 ἀντ’
1632 902 1803 942 ἐκείνων
1831 901 1989 943 τοῦπος
2020 902 2217 953 αἱροῦμαι
2247 903 2377 945 ςέθεν.

89 946 151 989 0⁰
182 961 277 996 “W
307 947 439 997 μηδὲν
467 949 579 989 Τωνδ
621 947 733 998 ἐρεῖ(
763 961 866 989 κατα
894 949 1056 996 πτολῑνῖ
1364 967 1431 1008 καὶ
1461 966 1568 1017 πρός
1597 980 1644 1016 γε
1674 966 1849 1013 τούτοις,
1881 966 2001 1009 ἐκτὸς
2031 964 2122 1009 οὖς’
2149 966 2412 1019 ἀγαλμάτων,

557 1036 767 1077 ΧΟΡΟΣ.
1364 1033 1491 1083 εὔχου
1521 1033 1572 1074 τὰ
1600 1032 1773 1083 κρείςςω
1802 1032 2039 1085 ξυμμάχους
2071 1032 2178 1075 εἶναι
2208 1033 2345 1075 θεούς.

88 1104 124 1145 ὦ
153 1105 240 1145 Ζεῦ
271 1105 414 1149 τέλειε,
446 1105 499 1154 μὴ
530 1107 702 1157 προδῷς
731 1104 997 1153 πυργώματα.
1363 1100 1508 1151 κάμῶν
1538 1098 1731 1142 ἀκούςας’
1759 1098 1986 1151 εὐγμάτων,
2017 1100 2161 1143 ἔπειτα
2189 1100 2237 1142 ςὺ
2420 1101 2503 1145 250

498 1162 838 1223 ΕγΕΟΚΛΗΣ
1364 1166 1603 1218 ὀλολυγμὸν
1630 1166 1747 1219 ἱερὸν
1776 1166 1928 1218 εὐμενῆ
1958 1165 2187 1213 παιάνιςον,

87 1251 166 1292 οὐκ
196 1249 240 1291 ἐς
271 1248 440 1300 φθόρον
471 1245 609 1296 ςιγῶς’
637 1246 855 1299 ἀναςχήςει
883 1246 1000 1296 τάδε;
1144 1247 1227 1290 235
1362 1232 1605 1284 Ἑλληνῑκὸν
1632 1234 1809 1284 νόμῑῑμα
1838 1233 2043 1275 θυίῐᾶδῡ(
2075 1235 2187 1284 βθῆίι

555 1325 766 1367 χοροὶ
1362 1300 1517 1350 θάρςος
1549 1301 1688 1351 φίλοις
1719 1302 1901 1346 διδοῡςα,
1933 1300 2146 1351 πολεμίοις
2176 1300 2327 1352 φόβον.

86 1396 178 1437 θεοὶ
206 1395 386 1439 πολῖται,
421 1393 474 1442 μή
507 1405 556 1442 με
586 1391 778 1433 δουλεία(
808 1393 957 1443 Τυχεῖν·
1361 1399 1446 1447 ἐγὼ
1476 1399 1524 1439 δὲ
1552 1399 1693 1449 χώρας
1724 1400 1813 1440 τοῖς
1843 1399 2134 1450 πολιςςούχοις
2165 1402 2292 1447 θεοῖς,

494 1468 826 1510 ΕΤΕΟΚΛΗΣ.
1359 1465 1628 1515 πεδιονόμοις
1657 1478 1702 1507 τε
1732 1465 1914 1517 κάγορᾶς
1946 1465 2196 1512 ἐπιςκόποις,
2418 1469 2500 1512 255

84 1539 190 1589 αὐτὴ
223 1539 270 1580 ςὺ
301 1538 475 1579 δουλοῖς
505 1536 572 1577 καὶ
601 1536 646 1581 ςὲ
675 1536 741 1576 καὶ
769 1537 903 1577 πᾱςαν
931 1536 1062 1579 πόλιν.
1359 1531 1520 1581 Δίρκη(
1550 1544 1595 1571 τε
1624 1533 1788 1580 πηγαῖα
1819 1529 1963 1572 οὔθαῖ’
1993 1529 2177 1580 Ἰεμηνῡῦ
2208 1533 2328 1580 λέγω,

554 1613 764 1654 χΟρΟΣ.
1359 1597 1406 1638 εὖ
1437 1598 1728 1647 ξυντυχόντων
1757 1599 1825 1638 καὶ
1853 1598 2019 1639 πόλεως
2050 1598 2321 1648 ςεςωςμένης,

1359 1664 1548 1714 μήλοιςιν
1576 1663 1788 1714 αἱμάςςων
1816 1662 1920 1706 ἄναξ
1950 1662 2177 1714 ἐξεύχομαι,

83 1680 139 1724 Ὠ
168 1682 405 1732 παγκρατὲς
436 1680 533 1726 Ζεῦ,
563 1681 723 1730 τρέψον
752 1680 809 1721 εἰς
840 1681 1016 1731 ἐχθροὺς
1045 1683 1176 1732 βέλος.

1359 1729 1545 1782 θήςεινῆ
1574 1730 1758 1780 τροπαῖα
1787 1729 2032 1780 δουρίληφθ’
2066 1729 2212 1778 ἁγνοῖς
2243 1730 2399 1780 δόμοις.

493 1756 824 1799 ΕΤΕΟΚΛΗΣ.

83 1827 118 1869 ὦ
149 1827 247 1873 Ζεῦ,
277 1827 488 1874 γυναῑκῶν
518 1824 613 1866 οἷον
642 1823 811 1865 ὤπαςα(
841 1825 975 1873 γένος.
1356 1827 1521 1870 Τοιαῦτ’
1554 1828 1732 1879 ἐπεύχου
1763 1828 1817 1879 μὴ
1849 1828 2113 1880 φιλοςτόνως
2144 1830 2270 1875 θεοῖς,
2417 1831 2500 1874 260

555 1912 767 1954 χοροὶ
1358 1894 1448 1946 μηδ’
1482 1895 1528 1936 ἐν
1558 1895 1746 1945 ματαίοις
1776 1894 1961 1946 κάγρίοις
1991 1894 2286 1946 ποιφύγμαςιν·

1357 1961 1408 2003 οὐ
1437 1960 1516 2013 γάρ
1545 1974 1583 2002 τι
1613 1963 1771 2012 μᾶλλον
1801 1961 1854 2011 μὴ
1886 1961 2026 2016 φύγῃς
2057 1962 2106 2002 τὸ
2138 1962 2352 2012 μόρςιμον.

82 1983 309 2036 μοχθηρόν,
341 1981 483 2031 ὥςπερ
513 1978 665 2030 ἄνδρες
695 1977 756 2020 ὧν
785 1979 873 2033 ἁλῷ
903 1979 1032 2022 πόλις.
1140 1981 1223 2025 240

1357 2030 1441 2077 ἐγὼ
1471 2029 1503 2069 δ’
1537 2028 1597 2070 ἐπ’
1630 2029 1787 2079 ἄνδρας
1817 2029 1862 2070 ἓξ
1892 2028 1985 2077 ἐμοὶ
2019 2029 2094 2070 ςὺν
2123 2028 2290 2082 ἑβδόμῳ

123 2139 131 2150 .
294 2137 302 2147 ,
453 2133 471 2147 ‚
490 2067 822 2145 ΕΤΕρΚΛΪιξ·
917 2134 925 2145 ,
1356 2096 1586 2145 ἀντηρέτας
1617 2094 1795 2146 ἐχθρούς
1828 2108 1872 2136 τε
1903 2095 1978 2136 τὸν
2007 2095 2136 2144 μέγαν
2165 2095 2326 2146 τρόπον

80 2141 205 2182 πολιν
235 2149 390 2180 “evm
422 2149 475 2177 ‘²¹’
507 2138 728 2183 θιγγανου(
771 2136 1033 2185 “mmmmm
1355 2160 1414 2204 εἰς
1445 2161 1701 2213 ἑπτατειχεῖς
1731 2159 1906 2203 ἐξόδους
1937 2159 2049 2203 τάξω
2080 2160 2233 2212 μολών,
2415 2161 2497 2205 265

549 2222 760 2264 ΧΟΡΟΣ.
1354 2229 1452 2279 πρὶν
1482 2228 1686 2276 ἀγγέλους
1718 2228 1949 2278 ςπερχνούς
1980 2240 2024 2268 τε
2055 2229 2122 2268 καὶ
2150 2220 2442 2278 ταχυρρόθους

79 2293 241 2345 ἀψυχίᾳ
270 2293 350 2340 γὰρ
381 2293 573 2337 τλῶίεαν
603 2290 776 2337 ἁρπάζει
807 2290 953 2338 φόβος.
1283 2304 1288 2329 ¹
1356 2295 1509 2341 λόγους
1539 2294 1706 2338 ἱκέςθαι,
1739 2294 1805 2333 καὶ
1834 2294 2006 2343 φλέγειν
2035 2294 2177 2343 χρείας
2209 2294 2303 2334 ὕπο.

280 2369 370 2412 Iam
420 2366 518 2409 vide
563 2371 760 2419 quantum
808 2366 876 2408 hie
919 2380 1039 2420 quem
1083 2371 1377 2425 proposuimus
1420 2376 1561 2414 textus
1604 2370 1659 2412 ab
1701 2382 1752 2411 eo
1781 2368 1853 2422 qui
1883 2368 2008 2412 hodie
2040 2369 2165 2424 vulgo
2196 2368 2494 2426 circumfertur,

78 2440 117 2481 h.
149 2452 184 2480 e.
217 2451 244 2479 a
273 2442 388 2478 textu
418 2434 485 2476 vel
517 2432 742 2474 chnanni
775 2433 839 2474 vel
871 2433 1072 2476 Dindorfii
1107 2436 1176 2478 vel
1213 2436 1350 2478 Weilii
1393 2436 1533 2479 distet.
1599 2436 1722 2478 huius
1753 2435 1864 2477 enim
1909 2434 2088 2492 episossii
2132 2449 2289 2485 versus
2323 2450 2494 2480 numero

77 2505 149 2547 CV
180 2504 269 2545 fere
300 2502 386 2543 XX
416 2500 522 2543 locis
552 2513 721 2541 manum
752 2508 932 2542 nostram
963 2503 1122 2556 experti
1153 2509 1259 2546 sunt.
1318 2509 1414 2545 sunt
1443 2509 1584 2546 autem
1627 2502 1891 2557 potissimum
1928 2504 1991 2546 hi:
2033 2505 2122 2546 172.
2157 2503 2245 2546 173.
2280 2505 2370 2547 176.
2404 2506 2493 2549 186.

79 2572 169 2615 187.
211 2570 301 2614 188.
343 2569 433 2612 189.
475 2568 565 2611 102.
603 2566 695 2609 200.
733 2566 824 2610 201.
862 2567 953 2610 208.
989 2569 1080 2612 212.
1117 2570 1211 2612 222.
1249 2570 1341 2611 226.
1373 2570 1466 2613 227.
1497 2571 1590 2614 230.
1620 2572 1714 2615 253.
1745 2573 1839 2615 256.
1869 2571 1950 2614 258
1995 2582 2056 2623 sq.
2088 2574 2128 2611 et
2158 2570 2251 2612 264.
2281 2569 2358 2612 sed
2387 2570 2495 2613 hanc

75 2636 329 2681 emendandi
374 2635 596 2677 audaciam
643 2633 725 2674 noli
771 2633 910 2675 mirari
953 2640 1018 2676 sat
1059 2635 1266 2678 modicam
1311 2637 1431 2679 nobis
1476 2637 1609 2679 videri
1652 2651 1753 2692 prae
1800 2651 1942 2680 eorum
1973 2636 2210 2679 criticorum
2240 2636 2412 2680 licentia
2439 2651 2494 2680 an

74 2704 307 2747 temeritate
338 2701 408 2755 qui
437 2700 593 2755 ubique
630 2699 1057 2754 interpolationes
1093 2701 1301 2745 lacunas
1337 2703 1672 2746 traiectiones
1707 2704 1750 2747 in
1781 2703 1997 2759 procinctu
2025 2702 2231 2745 habentes
2260 2703 2422 2745 maiora
2450 2711 2492 2746 et

74 2770 316 2825 operosiora
346 2762 478 2811 moliri
508 2768 552 2809 in
583 2767 795 2821 Aeschylo
824 2767 1146 2821 haudquaquam
1174 2774 1382 2811 verentur.
1423 2770 1576 2823 quibus
1603 2770 1856 2825 ‚superioris’
1878 2782 2003 2822 quam
2031 2774 2182 2810 vocant
2202 2769 2303 2811 artis
2323 2769 2494 2812 criticae

72 2837 271 2879 remediis
290 2836 477 2889 alioquin
498 2835 609 2877 haud
631 2833 878 2889 spernendis
913 2841 1037 2888 atque
1057 2836 1164 2878 adeo
1191 2850 1504 2889 nonnumquam
1546 2850 1718 2892 prorsus
1753 2834 2002 2879 necessariis
2035 2835 2116 2879 hoc
2134 2834 2283 2878 saltem
2303 2834 2494 2891 episodio

72 2918 125 2946 ne
154 2903 285 2946 semel
315 2902 485 2955 quidem
514 2902 652 2945 locum
682 2900 774 2943 dari
803 2900 990 2955 potuisse
1019 2902 1210 2946 vidimus.
1279 2916 1376 2945 nam
1406 2917 1515 2958 quae
1544 2916 1648 2946 sane
1677 2901 1971 2956 indagavimus
2000 2901 2315 2957 glossemata
2342 2900 2493 2957 quibus

73 2976 240 3027 practer
267 2969 382 3026 ipsos
412 2982 559 3013 versus
590 2967 854 3023 Aeschyleos
880 2967 1068 3023 inprimis
1096 2968 1310 3024 margines
1340 2968 1498 3013 codicis
1533 2968 1712 3013 Medicei
1749 2968 1909 3025 oppleti
1946 2974 2054 3023 sunt,
2085 2981 2229 3012 eorum
2259 2968 2491 3022 nullum**)

282 3072 318 3115 *)
343 3072 511 3107 Fortasse
541 3068 667 3109 θύσειν
703 3081 746 3106 ex
781 3068 1063 3113 ingeniosissima.
1099 3071 1226 3108 Weilii
1261 3071 1475 3107 coniectura.
1512 3071 1556 3107 de
1593 3081 1663 3115 qua
1698 3070 1783 3115 quid
1820 3070 2024 3115 sentiamus,
2059 3070 2221 3115 proxim».
2254 3070 2388 3115 pagina
2417 3068 2493 3114 (21)

71 3129 290 3165 enucleatius
314 3140 337 3164 a
360 3130 460 3164 nobis
486 3127 714 3174 explicatum.

282 3184 340 3230 **)
364 3187 445 3222 Duo
470 3185 694 3222 hemistichia
717 3185 780 3221 illa
805 3195 896 3229 quae
920 3184 955 3220 in
980 3185 1156 3230 plerisque
1192 3184 1370 3223 codicibus
1414 3185 1639 3230 omittuntur,
1681 3184 1717 3221 in
1759 3184 1918 3222 Mediceo
1943 3187 2063 3222 autem
2087 3184 2125 3221 in
2160 3184 2315 3222 trimetri
2340 3183 2492 3230 speciem

69 3250 259 3288 utcumque
282 3244 492 3280 concinnata.
516 3249 611 3288 sunt,
635 3254 737 3279 nemo
762 3242 887 3288 opinor
909 3253 972 3287 pro
996 3242 1172 3287 integro
1203 3253 1311 3280 versu
1334 3242 1491 3279 habebit.
