2636 3572
575 257 786 304 ΧΟΡΟΣ.

112 342 196 384 διαὶ
224 341 336 382 θεῶν
364 339 488 383 πόλιν
515 351 561 381 τε
590 334 786 390 νεμόμεθ’
805 335 1030 388 ἀδάματον,
1096 347 1180 387 ςτρ.
1200 333 1247 385 γ’.

112 407 351 457 δυςμενέων
379 404 416 445 δ’
445 405 574 456 ὄχλον
601 405 761 454 πύργος
791 403 1020 449 ἀποςτέγει.

38 510 47 522 ,
112 473 173 515 τίς
202 471 302 514 τάδε
329 472 490 523 νέμεςις
521 473 679 520 ςτυγεῑ;

516 547 848 591 ΕΤΕΟΚΛΗΣ.

114 616 233 657 οὔτοι
261 617 412 666 φθονῶ
441 628 505 656 ςοι
533 615 747 665 δαιμόνων
774 614 896 663 τιμᾶν
924 612 1060 660 γένος·

115 679 205 723 ἀλλ’
234 680 495 723 ὡς’πολίτας
525 681 580 732 μὴ
606 678 973 731 κακοςπλάγχνους
992 681 1121 732 τιθῇς,
1170 680 1253 722 220

117 749 265 800 ἕκηλος
294 748 386 795 ἴςθι,
417 746 511 799 μηδ’
538 746 646 796 ἄγαν
674 746 936 798 ὑπερφοβοῦ.

578 834 789 877 ΧΟΡΟΣ.
854 878 856 880 .

116 902 332 944 ποταίνιον
360 901 543 944 κλύουςα
569 900 758 958 πάταγον
786 899 965 950 ἀνάμιγα

116 969 361 1023 ταρβοςύνῳ
390 968 516 1023 φόβῳ
545 967 669 1009 τάνδε
698 968 795 1008 ποτὶ
823 966 990 1013 ςκοπάν,

116 1036 251 1087 τίμιον
280 1035 387 1082 ἕδος,
416 1034 577 1086 ἱκόμαν.

520 1122 850 1164 ΕΤΕΟΚΛΗΣ.

106 1190 171 1240 ’μὴ
200 1191 289 1236 νῦν,
320 1189 394 1231 ἐὰν
423 1189 679 1239 θνήςκοντας
707 1189 733 1239 ἢ
763 1190 1052 1239 τετρωμένους
1170 1188 1254 1229 225

117 1255 313 1306 πύθηςθε,
343 1256 588 1297 κωκυτοῑςιν
617 1254 875 1305 ἁρπαλίζετε.

116 1322 254 1377 τούτῳ
283 1322 363 1372 γὰρ
391 1321 519 1371 Ἄρης
551 1321 751 1372 βόςκεται,
783 1321 907 1375 φόνῳ
939 1323 1115 1372 βροτῶν.

1098 898 1183 940 ἀντ.
1203 898 1251 948 γ’.

580 1409 790 1451 ΧΟΡΟΣ.

118 1479 185 1521 καὶ
214 1479 294 1530 μὴν
323 1476 465 1519 ἀκούω
494 1475 531 1527 γ’
558 1476 738 1519 ἱππικῶν
767 1476 1065 1530 φρυαγμάτων.

520 1566 851 1610 ΕΤΕΟΚΛΗΣ.

118 1637 171 1686 μὴ
201 1637 278 1677 νῦν
306 1633 502 1676 ἀκούους’
531 1634 730 1686 ἐμφανῶς
760 1633 878 1676 ἄκου’
905 1634 1023 1684 ἄγαν.

581 1723 791 1766 ΧΟΡΟΣ.

118 1792 249 1834 ςτένει
277 1791 456 1842 πόλιςμα
485 1793 624 1841 γῆθεν,
655 1789 714 1832 ὡς
744 1792 1050 1853 κυκλουμένων.
1172 1794 1255 1837 230

520 1866 852 1910 ΕΤΕΟΚΛΗΣ

118 1935 275 1976 οὐκοῦν
304 1933 366 1985 ἔμ’
394 1935 513 1984 ἀρκεῖ
540 1937 674 1976 τῶνδε
705 1936 920 1986 βουλεύειν
946 1937 1052 1988 πέρι.

581 2011 791 2055 ΧΟΡΟΣ.

119 2076 281 2126 δέδοικ’,
311 2078 498 2130 ἀραγμὸς
528 2077 565 2120 δ’
594 2079 641 2121 ἐν
668 2079 819 2122 πύλαις
848 2080 1110 2133 ὀφέλλλεται.

520 2156 853 2200 ΕΤΕΟΚΛΗΣ.

119 2223 170 2265 οὐ
201 2226 311 2273 ςῖγα;
341 2224 471 2274 μηδὲν
499 2222 623 2265 τῶνδ’
652 2225 764 2275 ἐρεῖς
795 2226 899 2268 κατὰ
927 2226 1084 2269 πτόλιν.

580 2302 791 2345 ΧΟΡΟΣ.

118 2365 153 2407 ὦ
183 2367 406 2415 ξυντέλεια,
436 2369 489 2419 μὴ
520 2372 691 2423 προδῷς
721 2371 990 2421 πυργώματα.

520 2446 553 2488 Ε
560 2446 853 2490 ΤΕΟΚΛΗΣ.

118 2512 196 2553 οὐκ
224 2511 268 2553 ἐς
298 2511 466 2564 φθόρον
496 2512 633 2562 ςιγῶς”
660 2513 881 2566 ἀναςχήςει
908 2515 1026 2565 τάδε;
1173 2516 1256 2560 235

580 2601 791 2645 ΧΟΡΟΣ.

118 2668 209 2710 θεοὶ
235 2669 414 2715 πολῖται,
445 2669 499 2719 μή
531 2681 580 2719 με
609 2670 803 2712 δουλείας
832 2672 984 2721 τυχεῖν.

518 2761 852 2806 ΕΤΕΟΚΛΗΣ.

116 2830 222 2878 αὐτὴ
253 2830 301 2870 ςῦ
331 2831 503 2870 δουλοῖς
533 2829 600 2869 καὶ
629 2831 674 2870 ςὲ
702 2831 770 2871 καὶ
797 2832 934 2872 πᾶςαν
961 2831 1095 2873 πόλιν.

579 2924 790 2965 ΧΟΡΟΣ.

117 2988 152 3031 ὦ
180 2989 416 3041 παγκρατὲς
444 2988 543 3039 Ζεῦ,
570 2991 732 3044 τρέψον
759 2990 820 3034 εἰς
849 2991 1029 3050 ἐχθροὺς
1057 2993 1189 3044 βέλος.

1785 258 1817 299 Ε
1824 257 1858 300 Τ
1866 258 1898 299 Ε
1907 256 1942 299 O
1951 258 1981 299 Κ
1989 258 2022 299 Λ
2034 258 2066 299 Η
2076 259 2121 299 Σ.

1382 324 1416 368 ὧ
1446 324 1544 372 Ζεῦ,
1574 326 1786 374 γυναικῶν
1814 322 1909 367 οἷον
1938 322 2109 367 ῶπαςας
2140 324 2276 374 γένος.

1850 411 1883 452 Χ
1892 410 1927 453 O
1937 411 1967 452 Ρ
1975 410 2010 452 O
2021 411 2064 452 Σ.

1383 480 1608 532 μοχθηρόν,
1640 479 1781 528 ὥςπερ
1810 477 1962 528 ἄνδρες
1992 476 2054 518 ὧν
2083 477 2172 533 ἁλῷ
2201 478 2333 519 πόλις.
2442 479 2527 521 240

1555 568 1558 570 ’
1786 567 1819 606 Ε
1826 566 1859 607 Τ
1868 566 1901 606 Ε
1910 565 1945 606 0
1954 566 1985 607 Κ
1992 566 2026 606 Λ
2036 567 2068 607 Η
2078 567 2122 607 Σ.

1382 635 1673 684 παλινςτομεῖς
1703 631 1757 672 αὖ
1788 629 2025 679 θιγγάνους’
2053 630 2323 681 ὰγαλμάτων;

1848 720 1881 762 Χ
1890 719 1926 761 Ο
1934 719 1966 761 Ρ
1973 719 2008 762 0
2017 721 2061 762 Σ.

1383 787 1542 842 ἀψυχίᾳ
1569 788 1650 839 γὰρ
1679 789 1872 836 γλῶςςαν
1902 786 2077 838 ἁρπάζει
2106 786 2256 839 φόβος.

1785 876 1817 917 Ε
1825 875 1859 917 Τ
1867 875 1899 916 Ε
1908 874 1943 916 Ο
1954 874 1984 915 Κ
1992 874 2025 915 Λ
2036 874 2068 915 Η
2078 875 2123 915 Σ.

1383 942 1615 997 αἰτουμένῳ
1646 957 1714 994 μοι
1745 944 1915 993 κοῦφον
1944 941 1980 983 εἰ
2011 941 2130 991 δοίης
2160 942 2293 982 τέλος.

1850 1031 1883 1071 Χ
1893 1030 1928 1071 Ο
1938 1030 1969 1071 Ρ
1976 1030 2012 1071 Ο
2020 1031 2065 1071 Σ.

1384 1098 1518 1146 λέγοις
1548 1096 1601 1138 ἂν
1630 1096 1689 1138 ῶς
1719 1096 1899 1147 τάχιςτα,
1930 1095 1998 1137 καὶ
2027 1092 2117 1146 τάχ’
2146 1094 2318 1145 εἷςομαι.

1785 1174 1817 1214 Ε
1824 1173 1858 1214 Τ
1867 1174 1899 1213 Ε
1906 1172 1943 1213 Ο
1952 1173 1982 1213 Κ
1991 1173 2024 1213 Λ
2033 1173 2066 1213 Η
2077 1173 2122 1213 Σ.

1384 1239 1559 1290 ςίγηςον,
1590 1238 1626 1280 ὧ
1654 1238 1839 1285 τάλαινα,
1870 1239 1924 1289 μὴ
1955 1237 2109 1289 φίλους
2139 1238 2278 1290 φόβει.
2441 1240 2524 1281 245

1847 1316 1880 1357 Χ
1888 1315 1924 1357 Ο
1933 1315 1964 1357 Ρ
1971 1314 2006 1357 O
2015 1317 2058 1357 Σ.

1386 1384 1495 1432 ςιγῶ·
1526 1382 1601 1425 ςὺν
1629 1381 1772 1424 ἄλλοις
1801 1382 1993 1434 πείςομαι
2020 1383 2070 1426 τὸ
2101 1384 2314 1436 μόρςιμον.

1785 1460 1817 1502 Ε
1825 1459 1858 1503 Τ
1867 1461 1899 1502 Ε
1908 1460 1943 1503 Ο
1954 1460 1984 1503 Κ
1991 1460 2025 1504 Λ
2034 1461 2066 1504 Η
2076 1462 2121 1504 Σ.

1384 1526 1496 1569 τοῦτ’
1526 1526 1615 1569 ἀντ’
1644 1527 1816 1568 ἐκείνων
1844 1527 2003 1569 τοῦπος
2033 1528 2230 1580 αἱροῦμαι
2258 1529 2390 1571 ςὲθεν.

1384 1596 1450 1637 καὶ
1477 1595 1586 1646 πρός
1615 1608 1663 1643 γε
1692 1596 1869 1641 τούτοις,
1901 1596 2022 1637 ἐκτὸς
2051 1595 2141 1637 οὖς’
2169 1596 2433 1647 ἀγαλμάτων,

1384 1661 1509 1714 εὔχου
1538 1661 1590 1703 τὰ
1617 1661 1792 1713 κρείςςω
1821 1662 2059 1715 ξυμμάχους
2090 1661 2198 1705 εἶναι
2228 1663 2366 1706 θεούς.

1383 1728 1527 1780 κάμῶν
1555 1728 1750 1770 ἀκούςας’
1777 1729 2006 1779 εὐγμάτων,
2037 1730 2182 1772 ἔπειτα
2210 1731 2258 1771 ςὺ
2442 1733 2526 1774 250

1385 1795 1621 1845 ὀλολυγμὸν
1648 1795 1766 1845 ἱερὸν
1795 1795 1947 1845 εὐμενῆ
1977 1796 2207 1841 παιάνιςον,

1384 1860 1625 1913 Ἑλληνικὸν
1651 1861 1829 1913 νόμιςμα
1858 1860 2063 1904 θυςτάδος
2094 1863 2208 1914 βοῆς,

1384 1928 1537 1978 θάρςος
1567 1928 1717 1979 φίλοις,
1749 1929 1907 1969 λύουςα
1935 1929 2137 1978 πολέμιον
2166 1929 2317 1979 φόβον.

1385 1993 1468 2042 ἐγὼ
1496 1994 1545 2035 δὲ
1572 1993 1714 2045 χώρας
1743 1996 1833 2035 τοῖς
1862 1995 2152 2045 πολιςςούχοις
2182 1997 2311 2042 θεοῖς,

1384 2059 1649 2111 πεδιονόμοις
1677 2074 1722 2103 τε
1752 2059 1934 2113 κάγορᾶς
1964 2060 2217 2108 ἐπιςκόποις,
2440 2065 2523 2106 255

1385 2128 1543 2178 Δίρκης
1572 2140 1617 2169 τε
1646 2130 1798 2177 πηγαῖς
1828 2127 1947 2169 ὕδατί
1975 2126 2011 2169 τ’
2039 2125 2226 2179 Ἰςμηνοῦ
2256 2129 2378 2179 λέγω,

1385 2193 1431 2236 εὗ
1459 2194 1747 2245 ξυντυχόντων
1777 2195 1846 2236 καὶ
1872 2195 2041 2236 πόλεως
2071 2195 2360 2246 ςεςωςμένης,,

1384 2260 1569 2311 μήλοιςιν
1597 2260 1873 2310 αἱμάςςοντας
1903 2261 2040 2308 ἑςτίας
2070 2263 2194 2307 θεῶν,

1384 2327 1769 2377 ταυροκτονοῦντας
1799 2327 1966 2374 θεοῖςιν,
1997 2324 2072 2369 ὧδ’
2100 2327 2327 2379 ἐπεύχομαι

1385 2393 1524 2442 θήςειν
1552 2393 1744 2443 τρόπαια,
1775 2393 1907 2434 δαΐων
1936 2394 1968 2435 δ’
2003 2393 2216 2445 ἐςθήματα
2441 2396 2524 2439 260

1385 2459 1525 2509 ςτέψω
1554 2459 1639 2510 πρὸ
1667 2462 1784 2501 ναῶν
1813 2461 2056 2512 δουρίπηχθ
2089 2461 2236 2509 ἁγνοῖς
2265 2462 2422 2512 δόμοις.

1383 2523 1537 2567 τοιαῦτ’
1569 2524 1749 2577 ἐπεύχου
1780 2527 1834 2577 μὴ
1865 2528 2132 2578 φιλοςτόνως
2162 2529 2288 2574 θεοῖς,

1385 2591 1474 2644 μηδ’
1507 2591 1554 2633 ἐν
1583 2592 1772 2643 ματαίοις
1802 2592 1988 2645 κάγρίοις
2017 2594 2311 2646 ποιφύγμαςιν·

1385 2659 1436 2701 οὐ
1465 2657 1546 2708 γάρ
1574 2671 1612 2699 τι
1641 2660 1802 2709 μᾶλλον
1830 2660 1884 2710 μὴ
1916 2659 2056 2714 φύγῃς
2086 2661 2136 2701 τὸ
2167 2660 2378 2711 μόρςιμον.

1386 2726 1469 2775 ἐγὼ
1498 2724 1532 2766 δ’
1565 2724 1626 2766 ἐπ’
1658 2725 1817 2777 ἄνδρας
1847 2726 1902 2773 ἕξ,
1933 2726 2028 2777 ἐμοὶ
2059 2727 2135 2767 ςὺν
2163 2725 2341 2782 ἑβδόμῳ,
2440 2728 2523 2770 265

1384 2791 1615 2841 ἀντηρέτας
1644 2791 1830 2841 ἑχθροῖςι
1858 2794 1935 2834 τὸν
1962 2794 2092 2843 μέγαν
2120 2794 2281 2841 τρόπον

1385 2855 1444 2900 εἰς
1473 2855 1731 2909 ἑπτατειχεῖς
1762 2856 1937 2901 ἐξόδους
1966 2857 2079 2901 τάξω
2108 2858 2260 2909 μολών,

1385 2924 1482 2974 πρὶν
1511 2922 1717 2971 ἀγγέλους
1747 2923 1979 2975 ςπερχνούς
2008 2936 2053 2965 τε
2081 2924 2150 2965 καὶ
2178 2923 2469 2976 ταχυρρόθους

1384 2990 1541 3039 λόγους
1568 2988 1738 3036 ἱκέςθαι,
1768 2991 1836 3033 καὶ
1863 2991 2036 3042 φλέγειν
2063 2991 2205 3042 χρείας
2236 2990 2331 3033 ὕπο.

314 3068 369 3110 Et
396 3068 582 3123 potiores
610 3068 779 3123 quidem
806 3074 949 3113 textus
976 3068 1284 3112 Hermauniani·
1302 3067 1534 3121 scripturae
1560 3080 1590 3110 a
1629 3067 1820 3111 ledit-‚eo
1849 3067 1994 3110 oodiee
2028 3067 2319 3123 discrepantes
2353 3074 2441 3111 tum
2470 3083 2524 3112 ex

115 3134 209 3178 aliis
237 3132 456 3178 codicibus
482 3139 678 3192 reoeptae
706 3140 793 3180 tum
823 3136 916 3181 sola
942 3134 1204 3181 coniecturae
1231 3147 1313 3191 ope
1340 3132 1410 3178 vel
1438 3132 1494 3177 ab
1521 3132 1617 3190 ipso
1646 3134 1887 3179 Hermanno
1921 3134 1990 3178 vel
2018 3134 2074 3177 ab
2102 3133 2195 3178 aliis
2224 3134 2380 3178 criticis
2407 3135 2526 3180 inda·

113 3208 240 3258 gatae
278 3204 360 3246 bne
384 3208 515 3245 sunt:
562 3204 642 3246 169
682 3203 1006 3260 τῳγυναικεὶῳ
1040 3205 1179 3259 φυτῷ
1212 3214 1289 3258 pro
1316 3203 1379 3258 τῷ
1406 3201 1627 3258 γυναικείῳ
1654 3202 1776 3253 γένει.
1836 3202 1918 3247 174
1945 3200 2150 3255 ὀφέλλετε
2179 3214 2257 3259 pro
2287 3201 2526 3255 ὀφέλλεται.
