2636 3572
1299 89 1349 132 13

313 223 408 267 207.
438 224 533 267 208.
564 235 617 266 en
645 222 761 266 locus
791 221 973 264 omnium
1002 220 1236 265 criticorum
1266 221 1495 277 naufragiis
1530 219 1713 263 infamis.
1749 232 1801 262 ae
1829 221 2005 274 primum
2033 216 2204 273 quidem
2232 217 2301 273 qui
2331 217 2525 259 εὐταξίας

111 304 188 347 pro
216 290 444 342 εὐπραξίας
473 291 555 334 207
583 303 717 345 nuper
744 301 1014 343 proposuere,
1043 302 1096 330 ne
1131 290 1337 343 cogitasse
1381 290 1548 343 quidem
1579 287 1774 330 videntur
1818 286 2030 328 Eteoclem
2075 286 2144 327 hic
2186 299 2268 326 non
2313 285 2423 338 loqui
2467 284 2540 327 ad,

112 356 266 400 milites
296 355 374 400 sed
402 356 458 401 ad
486 356 671 411 virgines
699 355 927 398 Thebanas
955 354 1107 409 quibus
1135 355 1180 397 in
1207 361 1322 399 tanto
1356 370 1491 400 rerum
1521 353 1763 398 discrimine
1807 352 1975 407 propria
2003 351 2115 415 salus
2159 351 2408 406 (εὐπραξία),
2440 364 2524 394 non

112 423 333 479 disciplina
359 423 552 466 militaris
582 422 786 478 (εὐταξία)
815 434 941 463 curae
971 425 1046 463 est.
1103 421 1187 464 iam
1215 422 1431 467 videamus
1459 421 1695 477 proximum
1730 433 1898 462 versum
1934 419 2054 475 (208)
2071 417 2073 419 ’
2090 417 2338 473 turpissimis
2367 418 2541 472 glosse··

113 490 239 534 matis
267 490 312 532 ni
340 489 464 532 fallor
491 489 764 544 inquinatum.
823 492 865 530 et
893 487 1198 542 ineptissimum
1227 489 1393 542 quidem
1419 491 1634 544 glossema
1660 488 1765 536 γυνή
1796 486 1977 528 fortasse
2006 485 2062 527 ad
2093 484 2385 540 explicandum
2405 498 2524 527 usum

114 555 440 610 metaphoricum
469 556 584 598 vocis
611 557 745 606 μητήρ
774 568 801 596 a
829 553 982 597 stolido
1009 554 1178 597 librario
1205 555 1460 610 adscriptum
1489 569 1621 611 parvo
1656 553 1826 608 negotio
1855 565 2070 595 removere
2108 551 2244 606 possis
2274 552 2526 593 scholiastae

114 621 296 664 Medicei
324 634 405 675 ope
434 621 506 674 qui
535 622 642 663 haec
669 625 902 663 memoratu
932 619 1066 674 digna*
1097 620 1268 676 profert:
1311 622 1439 664 λείπει
1484 622 1603 663 Διός·
1647 621 1751 669 γυνὴ
1797 619 1905 660 Διὸς
1948 620 2151 667 ςωτῆρος.
2225 618 2337 670 atqui
2391 617 2526 658 ascito

116 690 224 731 Διὸς
255 690 444 739 ςωτῆρος
476 690 549 742 (sc.
580 680 721 741 ὄντος)
752 686 865 740 quod
894 700 969 741 pro
998 687 1101 737 γυνὴ
1146 690 1334 739 ςωτῆρος
1377 688 1646 732 scholiastam
1691 685 1925 729 Mediceum
1963 686 2006 726 in
2036 683 2179 727 codice
2211 698 2286 725 suo
2317 683 2528 725 invenisse

115 760 306 810 apertum
335 758 412 807 est,
439 754 533 810 ipsa
562 753 764 809 Aeschyli
806 765 953 795 manus
996 751 1179 794 nondum
1222 754 1321 796 mihi
1363 755 1526 798 videtur
1567 758 1818 808 recuperata
1860 765 1968 794 esse.
2041 750 2195 793 etenim
2233 756 2273 791 et
2310 749 2539 804 participio*

116 821 241 863 ὄντος
269 820 338 863 vel
365 820 630 872 ὑπάρχοντος
658 833 785 873 aegre
815 819 885 860 hic
927 832 1073 861 careas
1104 824 1145 860 et
1173 820 1309 874 ipsum
1351 821 1454 862 illud
1503 820 1618 862 Iovis
1662 820 1878 874 epitheton
1921 821 2112 868 ςωτῆρος
2149 817 2238 858 sine
2269 817 2460 858 acumine
2488 821 2530 858 et-

116 886 224 931 adeo
254 887 432 930 moleste
461 886 650 929 additum
679 885 894 928 sentimus.
953 889 998 927 ut
1026 885 1098 938 qui
1126 886 1251 928 etiam
1282 886 1347 928 hic
1385 886 1437 929 de
1471 887 1724 941 glossemate
1761 885 1930 939 cogitet,
1962 885 2003 926 in
2033 883 2280 926 temeritatis
2309 883 2530 937 reprehen-

117 955 279 998 sionem
323 953 531 996 ineurrere
573 953 643 995 vix
671 951 816 1007 possit.
873 965 925 995 ue
954 951 1084 994 multa
1112 977 1165 982 —
1194 965 1269 1007 pro
1290 956 1476 1005 ’ςωτῆρος
1497 953 1730 1007 antiquitus
1751 952 1955 1007 scriptum
1975 950 2106 994 fuisse
2126 949 2316 1004 suspicor
2331 950 2531 991 θέλοντος

117 1021 157 1062 h.
190 1034 226 1063 e.
258 1021 374 1063 Iove
409 1019 646 1074 propitio.
706 1018 818 1072 quod
848 1018 1018 1071 quidem
1047 1031 1171 1075 quam
1200 1019 1554 1063 accommodatum
1600 1020 1655 1062 sit
1697 1019 1796 1061 huic
1837 1018 1932 1060 loco
1963 1022 2005 1059 et
2033 1029 2159 1072 quam
2192 1017 2301 1076 bene
2331 1020 2534 1070 congruat

118 1101 224 1145 cum*
241 1086 454 1129 sententia
481 1091 523 1128 et
552 1086 736 1127 Eteoclis
766 1090 808 1127 et
837 1085 1043 1138 virginum
1072 1085 1368 1127 Thebanarum
1396 1086 1450 1127 ad
1489 1085 1828 1128 benevolentiam
1872 1084 2155 1138 auxiliumque
2199 1082 2372 1124 deorum
2402 1096 2532 1135 usque

117 1153 432 1207 provocantium
476 1152 716 1207 (193-218
759 1156 801 1193 et
844 1151 970 1194 234-
983 1150 1098 1205 238),
1143 1164 1225 1193 non
1267 1157 1330 1193 est
1370 1152 1479 1206 quod
1516 1166 1721 1194 moneam.
1780 1152 1912 1193 habes
1942 1150 2069 1204 igitur
2098 1149 2264 1202 insigne
2296 1149 2533 1203 exemplum

118 1220 293 1262 duorum
336 1219 635 1273 glossematum
676 1218 781 1268 γυνή
812 1223 855 1259 et
883 1219 1073 1267 ςωτῆρος
1116 1216 1216 1259 item
1251 1216 1355 1260 duas
1398 1215 1603 1273 genuinas
1632 1218 1861 1273 scripturas
1888 1216 1997 1258 Διός
2027 1220 2069 1257 et
2099 1216 2301 1257 θέλοντος
2333 1215 2425 1256 loco
2456 1228 2533 1257 suo

117 1285 382 1328 moventium.
439 1297 549 1325 nunc
576 1297 677 1326 vero
706 1283 801 1324 vide
831 1283 890 1325 sis
919 1283 1194 1326 recentiorum
1238 1284 1466 1326 criticorum
1508 1284 1740 1325 tralaticiae
1784 1283 2016 1337 scripturae
2062 1282 2184 1324 §rimis
2214 1281 2534 1323 adhaerentium

117 1351 232 1394 haud
262 1350 383 1394 utilia
410 1349 558 1405 opinor
598 1350 781 1402 inventa,
827 1348 1055 1390 Hermanni
1094 1348 1260 1402 quidem
1296 1353 1420 1400 γονῆς
1451 1353 1641 1400 ςωτῆρος
1672 1356 1714 1391 et
1744 1349 1960 1392 Ritsehelii
1989 1348 2117 1399 τύχης
2148 1350 2340 1398 ςωτῆρος
2372 1347 2534 1402 pridem

118 1417 377 1473 propositum
420 1421 463 1459 et
491 1417 642 1458 iterum
684 1416 740 1457 ab
770 1428 821 1458 eo
851 1428 994 1471 opusc.
1038 1415 1182 1470 philol.
1227 1416 1305 1458 vol.
1350 1416 1369 1457 I
1411 1430 1450 1471 p.
1494 1417 1579 1460 740
1607 1429 1669 1471 sq.
1701 1416 1848 1459 sedulo
1878 1414 2234 1458 commendatum:
2266 1415 2335 1468 qui
2365 1414 2536 1470 quidem

120 1484 252 1526 critici
281 1507 337 1514 -
365 1498 470 1537 pace
500 1489 707 1525 tantorum
737 1483 919 1525 virorum
949 1482 1124 1524 dixerim
1158 1507 1207 1514 -
1237 1484 1378 1524 nescio
1408 1484 1510 1536 quid
1539 1484 1729 1537 languidi
1760 1489 1802 1525 et
1831 1496 2002 1538 prorsus
2033 1484 2089 1523 ab
2126 1483 2205 1523 hoc
2235 1483 2339 1529 loce,
2372 1488 2536 1523 senten-

119 1550 220 1593 tiam
250 1550 287 1594 si
315 1555 494 1607 spectes,
524 1549 650 1592 alieni
679 1549 749 1592 hic
776 1544 939 1592 inferre>
962 1554 1003 1592 et
1038 1548 1145 1592 adeo
1189 1549 1382 1593 vitiosum
1424 1563 1657 1593 sermonem
1701 1565 1851 1605 nempe
1894 1553 2086 1601 ςωτῆρος
2131 1563 2225 1592 cum
2270 1549 2535 1592 substantivo

118 1617 312 1660 feminini
354 1616 521 1671 generis
564 1629 783 1672 perperam
825 1615 1046 1671 iungentes
1089 1620 1131 1658 et
1173 1615 1399 1672 depravato
1441 1618 1587 1670 Agam.
1631 1617 1724 1659 loco
1767 1618 1850 1661 642
1895 1616 2004 1659 male
2049 1629 2145 1659 sese
2194 1621 2378 1658 tutantes
2424 1615 2534 1657 bono

121 1684 332 1739 Aeschylo
361 1683 544 1725 tribuere
573 1684 665 1725 ausi
694 1688 802 1725 sunt.

321 1752 416 1793 212.
461 1750 586 1801 ὀρθοῖ
627 1749 741 1804 quod
784 1763 929 1792 omnes
972 1749 1067 1791 libri
1109 1764 1184 1792 ms.
1229 1756 1441 1804 testantur,
1486 1750 1709 1805 dupliciter
1752 1750 1904 1793 falsum
1940 1756 2004 1792 est
2040 1756 2127 1791 tum
2157 1755 2327 1804 propter
2358 1755 2535 1791 metrum

120 1816 381 1872 (strophicus
411 1816 522 1858 enim
552 1829 702 1858 versus
731 1818 814 1858 205
842 1817 1014 1858 brevem
1044 1817 1342 1870 paenultimam
1371 1817 1514 1869 habet)
1546 1822 1631 1858 tum
1661 1821 1833 1871 propter
1870 1817 2004 1870 ipsius
2035 1816 2240 1858 sermonis
2268 1816 2535 1869 pravitatem.

122 1881 274 1925 etenim
318 1881 479 1933 ὀρθοῦν
521 1881 678 1934 ἄνδρας
722 1883 1002 1933 κειμένους,
1039 1896 1162 1937 quem
1199 1882 1253 1926 ad
1282 1882 1446 1926 modum
1477 1883 1583 1926 dixit
1612 1883 1887 1926 Archilochus
1916 1883 2022 1937 frag.
2054 1885 2122 1936 51,
2154 1885 2179 1925 2
2209 1882 2277 1923 vel
2310 1882 2536 1937 Euripides

118 1948 273 1992 Troad.
307 1950 412 1993 1161
444 1949 604 2001 ὀρθοῦν
631 1949 786 2001 Τροίαν
813 1951 1082 1997 πεςοῦςαν,
1111 1955 1224 1992 recte
1254 1964 1347 1993 sese
1376 1950 1514 2004 habet,
1545 1955 1588 1992 at
1618 1950 1777 2002 ὀρθοῦν
1805 1950 1882 1991 τὸν
1911 1949 2169 2002 ἀμήχανον
2215 1952 2277 2005 (ut
2315 1949 2393 1991 hoe
2424 1949 2536 2003 loco)

120 2031 203 2059 non
232 2017 347 2071 item,
377 2030 503 2071 quum
534 2018 605 2072 qui
634 2016 799 2060 consilii
828 2029 979 2071 expers
1009 2022 1086 2071 est,
1118 2031 1213 2060 eum
1241 2032 1324 2060 non
1352 2031 1453 2060 sane
1482 2017 1657 2072 erigere,
1689 2017 1766 2060 sed
1795 2017 1932 2072 potius
1963 2016 2065 2058 dare
2096 2016 2316 2059 consilium
2339 2018 2404 2059 vel
2425 2031 2538 2060 com-

119 2088 352 2126 monstrare
380 2083 421 2125 ei
449 2082 563 2125 viam
592 2096 699 2139 opus
729 2084 793 2126 sit.
855 2083 957 2137 quid
985 2084 1111 2138 igitur
1140 2097 1295 2138 quaeso
1323 2083 1554 2126 evidentius
1583 2097 1709 2138 quam
1738 2096 1815 2138 pro
1845 2083 1971 2134 ὀρθοῖ
2012 2096 2218 2138 reponere
2261 2083 2388 2125 oboi‘?
2424 2084 2538 2137 quod

120 2150 289 2204 quidem
308 2150 432 2204 longe
451 2150 659 2205 longeque
677 2150 1002 2205 praeferendum
1022 2150 1287 2193 coniecturae
1302 2151 1528 2201 Hermanni
1548 2151 1618 2204 qui
1637 2150 1763 2206 paulo
1783 2150 1986 2193 audacius
2007 2152 2103 2191 ςαοῑ
2121 2150 2167 2191 in
2186 2156 2346 2192 textum
2366 2151 2537 2205 recepit.

321 2217 415 2261 216.
446 2217 542 2259 222.
572 2215 909 2271 elegantissimos
938 2216 1154 2268 dochmios
1185 2230 1331 2260 versus
1359 2216 1558 2272 strophici
1588 2217 1671 2259 διαί
1699 2231 1775 2271 pro
1811 2217 1880 2258 διά
1916 2218 2104 2260 scribens
2135 2223 2178 2259 et
2206 2217 2382 2259 inertem
2414 2217 2539 2272 parti—

120 2285 257 2327 culam
284 2297 330 2326 τε
359 2288 454 2339 post
481 2295 627 2326 vocem
654 2282 778 2325 πόλιν
806 2284 996 2327 inserens
1024 2283 1178 2326 misere
1222 2284 1403 2339 eorrupit
1444 2284 1708 2326 Her-mannus
1751 2283 1914 2326 scilieet
1955 2284 2189 2327 trimetrum
2228 2283 2451 2327 iambicum
2481 2286 2537 2328 ab

119 2352 187 2395 his
216 2349 390 2402 κομμοῖς
418 2363 588 2405 prorsus
616 2349 797 2393 alienum
826 2350 1033 2405 effingens
1061 2350 1117 2393 ad
1145 2350 1452 2394 similitudinem
1481 2363 1630 2392 versus
1660 2350 1864 2405 strophici
1893 2357 2040 2406 aperte
2070 2352 2269 2406 corrupti.
2319 2366 2414 2394 nam
2435 2353 2538 2406 quid

119 2418 296 2461 obsecro
324 2416 386 2460 ibi
414 2416 495 2460 sibi
524 2416 614 2459 vult
641 2417 840 2471 strepitus
869 2417 1288 2467 τθοθιιετ-πάταγος
1317 2417 1605 2459 ποταίνιοςῖ
1633 2430 1717 2472 quo
1747 2417 1917 2472 quidem
1954 2417 2143 2473 epitheto
2173 2419 2325 2471 ecquid
2355 2419 2539 2474 ineptius

120 2483 298 2538 cogitari
325 2483 492 2538 potest?
527 2495 606 2525 nec
633 2483 820 2537 profecto
848 2483 944 2539 plus
972 2485 1174 2527 acuminis
1202 2484 1330 2526 habet
1355 2482 1553 2525 nordwic(
1587 2482 1843 2526 adiectivum
1879 2484 1995 2538 quod
2029 2485 2120 2526 sine
2156 2484 2405 2527 auctoritate
2435 2487 2539 2528 anti-

120 2563 206 2605 qua
231 2549 396 2606 pridem
424 2553 683 2593 commentus
713 2554 779 2593 est
807 2549 1009 2594 Heathius
1037 2555 1111 2595 aut
1139 2551 1233 2594 huie
1268 2554 1489 2606 cognatum
1531 2555 1777 2606 nuperque·
1793 2550 1921 2593 valde
1964 2551 2297 2595 commendatum
2340 2539 2537 2596 ποτανός.

120 2616 197 2661 sed
225 2617 297 2672 qui
325 2616 495 2659 tandem
538 2616 756 2671 pristinum
799 2617 975 2660 nitorem
1019 2618 1141 2661 huius
1183 2630 1330 2660 versus
1374 2617 1631 2674 (strophicus
1674 2617 1789 2660 enim
1816 2618 2067 2661 sanissimus
2097 2619 2183 2675 est)
2212 2620 2538 2674 recuperemus?

120 2684 159 2727 si
187 2683 385 2727 hariolari
413 2683 459 2726 in
486 2683 617 2726 tantis
646 2684 830 2725 tenebris
858 2683 969 2737 licet,
1000 2684 1181 2726 fortasse
1211 2683 1288 2726 sic:
1318 2683 1597 2735 διάδρομον
1632 2683 1801 2727 κλύους’
1843 2684 2023 2736 ἀνάμιγα
2064 2686 2265 2735 πάταγον.
2309 2687 2537 2737 διάδρομος

118 2750 277 2794 usitata
303 2750 550 2807 metaphora
575 2754 620 2792 ut
647 2762 778 2805 supra
804 2748 891 2792 dixi
918 2749 976 2793 ad
1003 2762 1172 2794 versum
1203 2751 1294 2805 172,
1325 2754 1391 2793 est
1418 2748 1659 2796 dissonus
1688 2756 1890 2807 amatque
1919 2751 2156 2808 Aeschylus
2185 2753 2392 2797 eiusmodi
2427 2766 2538 2796 com·

118 2818 261 2874 posita
287 2817 417 2860 veluti
445 2817 700 2868 περίδρομος
728 2817 974 2868 πρόδρομος
1004 2817 1236 2869 ςύνδρομος
1265 2816 1360 2858 alia.
1416 2829 1497 2859 nec
1525 2818 1708 2861 alienam
1737 2831 1834 2862 esse
1863 2819 1919 2861 ab
1948 2818 2097 2862 eodem
2133 2820 2345 2875 Aeschylo
2380 2820 2538 2864 scimm

118 2884 247 2927 talem
267 2895 596 2938 synonymorum
614 2883 951 2927 coniunctionem
969 2888 1015 2926 ut
1033 2882 1224 2926 hocloco
1241 2882 1469 2934 διάδρομον
1488 2917 1497 2926 .
1514 2918 1523 2926 .
1541 2918 1549 2926 .
1571 2884 1762 2937 ἀνάμιγα.
1783 2885 1899 2939 quod
1917 2885 1959 2928 ei
1977 2885 2077 2928 vitio
2103 2886 2280 2929 vertisse
2299 2887 2539 2939 ioculariter

120 2949 293 3007 quidem
311 2962 392 2994 nee
409 2954 551 2994 tamen
568 2949 773 2994 immerito
792 2954 955 2995 constat
974 2948 1217 3006 Euripidem
1236 2948 1350 3004 apud
1365 2949 1691 3008 Aristophanem
1706 2951 1751 2996 in
1765 2951 1898 2997 Ranis
1914 2953 2040 2997 1154:
2054 2953 2118 2996 δὶς
2132 2954 2289 2997 ταύτὸν
2302 2953 2403 3005 ἡμῖν
2418 2952 2538 2997 εἶπεν

120 3020 146 3061 ὁ
167 3018 303 3070 ςοφὸς
322 3016 535 3069 Αίςχύλος.
577 3031 690 3060 nunc
718 3017 817 3060 vide
836 3017 966 3060 etiam
994 3015 1252 3071 singulorum
1280 3029 1476 3059 sonorum
1505 3018 1561 3061 ab
1591 3018 1713 3062 initio
1743 3023 1788 3062 et
1815 3019 1859 3062 in
1887 3019 1969 3063 line
2012 3020 2230 3075 utriusque
2273 3033 2421 3064 versus
2450 3026 2538 3064 tam

119 3085 324 3141 strophici
352 3097 479 3140 quam
497 3084 791 3141 antistrophiei
810 3083 1123 3128 similitudinem
1151 3095 1279 3137 quam
1306 3084 1407 3130 item
1435 3085 1664 3142 praecipue
1683 3100 1850 3130 amasse
1866 3087 2123 3144 Aeschylum
2145 3102 2267 3139 nemo
2282 3088 2432 3132 nescit:
2453 3090 2538 3133 216

121 3153 204 3197 διὰ
231 3155 345 3197 θεῶν
363 3186 373 3196 .
394 3184 404 3194 .
424 3185 434 3194 .
460 3151 694 3204 ἀδάματον
712 3172 768 3192 -.-
786 3154 870 3197 222
890 3149 1138 3202 διάδρομον
1156 3183 1167 3192 ,
1187 3181 1198 3192 .
1217 3183 1227 3193 .
1253 3150 1460 3202 πάταγον
1485 3152 1586 3207 (hoe
1603 3153 1763 3198 dudum
1783 3154 2042 3210 transposuit
2059 3155 2283 3211 Prienius),
2304 3161 2350 3198 nt
2368 3156 2424 3199 ad
2445 3169 2538 3211 per·

2291 3245 2334 3279 28
