2636 3572
1271 147 1321 186 18

78 279 201 321 nobis
220 276 480 333 restitutum)
497 296 550 313 ==
566 277 648 318 252
670 279 784 328 βοῆς.
827 279 907 320 173
927 275 1212 329 διερροθήςατ’
1227 297 1285 313 =
1300 278 1381 320 268
1402 276 1703 329 ταχυρρόθους.
1746 278 1838 331 177,
1864 279 1943 321 183
1969 277 2189 320 ἀκούςεται
2210 283 2252 320 ct
2271 278 2452 328 ἤκουςας
2471 278 2498 329 ἢ

79 347 158 388 οὐκ
176 346 360 394 ἤκουςας
378 363 431 380 =
447 344 532 386 250
551 342 757 385 ἀκούςαςῖ
791 345 871 386 182
890 345 993 385 τίθει
1011 364 1062 380 --.-
1078 344 1162 385 260
1181 344 1323 393 θήςειν
1343 344 1395 397 (si
1417 342 1587 396 quidem
1607 357 1712 384 sana.
1732 343 1968 398 scriptura).
2002 346 2081 386 183
2097 345 2207 393 λέγω
2224 364 2277 380 --
2293 345 2375 387 256
2390 345 2500 393 λέγω

79 419 122 456 et
142 415 176 455 si
198 423 306 465 quae
326 415 425 453 sunt
444 410 589 452 horum
611 409 774 452 similia.
814 410 926 453 adde
953 422 1125 464 quorum
1144 410 1272 463 paulo
1293 410 1506 452 obscurior
1525 406 1743 464 responsio
1763 415 1809 451 ut
1833 410 1913 453 164
1932 410 2116 462 ςωτήρια
2132 430 2186 447 -—-.-
2202 412 2284 454 257
2301 410 2501 462 ςεςωςμέ-

79 493 167 530 νης.
193 480 271 521 168
292 479 467 519 εὐεςτοῑ
485 495 538 511 =
555 478 637 518 257
658 476 711 517 εὖ
733 478 1036 529 ξυντυχόντων.
1084 478 1161 519 169
1182 477 1391 518 ξύνοικος
1413 482 1454 518 et
1479 478 1557 519 176
1577 477 1793 518 ςυνναίων
1811 494 1860 514 =
1878 479 1961 520 249
1981 478 2236 529 ξυμμάχους
2253 483 2295 520 et
2312 478 2394 521 257
2410 481 2501 521 ξυν·

78 546 306 597 τυχόντων.
341 545 419 586 166
441 544 566 594 βρέτη
589 563 645 578 =
666 544 749 585 248
770 543 996 594 ἀγάλματα.
1038 545 1115 586 174
1134 545 1221 583 τῶν
1242 544 1426 594 θύραθεν
1446 562 1498 578 =
1518 544 1601 584 253
1620 544 1833 594 πολεμίων
1852 545 1921 585 vel
1941 544 2082 600 potius
2101 546 2316 596 πολεμίοις
2337 549 2501 598 (secun-

80 615 180 656 dum
200 617 386 654 nostram
406 611 710 664 coniecturam)
734 616 775 652 et
797 612 880 653 266
902 612 1078 661 ἐχθρούς
1100 624 1143 651 τε
1165 610 1244 661 (sic
1265 625 1290 651 a
1310 610 1430 650 nobis
1452 614 1681 651 correctum
1702 624 1778 664 pro
1799 610 2013 663 ἐχθροῑςι).
2062 613 2139 653 167
2161 611 2288 658 αὔειν,
2310 613 2501 654 λακάζειν

79 699 134 720 =
150 682 227 724 251
252 678 491 728 ὀλολυγμόν
512 683 554 720 et
573 679 656 721 263
675 679 968 730 ποιφύγμαςιν.
990 677 1135 720 eodem
1157 677 1367 731 pertinent
1388 677 1515 719 etiam
1536 676 1693 719 similes
1714 676 1874 719 formae
1901 677 2110 731 quaedam
2137 678 2269 720 veluti
2289 679 2500 735 participi-

80 763 198 794 orum
223 747 303 792 170
316 747 528 798 κρατοῦςα
548 750 590 788 et
614 746 691 790 171
709 745 877 789 δεὶςαςα
891 764 945 783 =
961 746 1043 790 250
1061 742 1253 787 ἀκούςας’
1271 748 1312 787 et
1333 744 1415 788 253
1435 743 1591 786 λύουςα
1605 743 1674 787 vel
1694 743 1833 798 potius
1853 746 2026 788 διδοῦςα
2042 744 2294 800 (secundum
2315 750 2497 788 nostram

79 813 451 865 emendationem),
495 813 596 854 item
638 813 932 854 infinitivorum
980 813 1057 853 167
1099 810 1227 857 αὔειν,
1273 811 1464 853 λακάζειν
1508 810 1659 863 quibus
1699 810 1924 865 respondet
1959 811 2188 853 infinitivus
2224 811 2497 855 antitheticus

78 885 229 933 θήςειν.
290 880 544 932 omninoque
574 879 821 933 gravissima
855 878 1067 931 utriusque
1103 877 1307 919 orationis
1343 877 1557 919 enuntiata
1594 876 1666 917 illa
1702 878 1826 928 βρέτη
1876 878 2083 920 πεςούςας
2123 878 2231 929 πρὸς
2263 911 2271 920 .
2303 910 2311 919 .
2343 910 2351 919 .
2382 877 2499 921 αὔειν

81 949 274 990 λακάζειν
295 966 347 982 =
370 948 559 996 μήλοιςιν
578 946 789 996 αἱμάςςων
816 977 824 984 .
856 977 863 984 .
895 945 1062 993 ,θήςειν
1104 947 1287 993 τροπαῖα
1321 958 1442 985 nemo
1476 958 1558 984 non
1592 943 1716 984 sentit
1750 948 1792 984 et
1825 944 2100 998 grammatica
2134 951 2340 986 structura
2376 945 2499 987 valde

79 1017 230 1060 similia
260 1020 302 1056 et
330 1019 579 1065 argumento
607 1013 734 1066 plane
763 1011 844 1053 sibi
874 1011 1067 1064 opposita
1095 1024 1202 1052 esse.
1261 1016 1483 1064 praeterea
1518 1010 1779 1063 oppositione
1816 1011 1998 1053 maxime
2037 1011 2220 1063 insignia
2248 1012 2355 1052 haec
2385 1018 2497 1053 sunt:

80 1083 161 1127 163
191 1082 298 1132 ὑμᾶς
319 1098 376 1115 =
397 1080 491 1132 254,
519 1080 602 1122 265
632 1078 727 1127 ἐγώ.
790 1078 868 1120 182
899 1077 1021 1118 ἔνδον
1041 1075 1072 1116 δ’
1105 1074 1211 1117 οὗςα
1241 1081 1284 1118 et
1317 1077 1396 1119 175
1427 1076 1600 1118 ἔνδοθεν
1629 1094 1686 1112 =
1715 1078 1796 1120 248
1827 1077 1947 1119 ἐκτὸς
1978 1076 2078 1119 οὖς’.
2141 1079 2217 1120 171
2250 1078 2418 1120 δείςαςα
2443 1096 2501 1115 =

78 1151 161 1192 253
201 1149 357 1197 θάρςος
402 1147 542 1197 φίλοις
589 1147 771 1186 διδοῦςα.
835 1145 912 1185 183
941 1147 1063 1196 κωφῇ
1094 1161 1149 1177 =
1178 1143 1263 1185 250
1292 1142 1495 1184 ἀκούςας’.
1557 1145 1635 1185 175
1668 1144 1942 1194 πορθούμεθα
1980 1162 2035 1180 =
2064 1146 2144 1186 257
2175 1144 2342 1185 πόλεως
2374 1158 2497 1187 ςεςω-

80 1217 243 1266 ςμένης.
290 1213 472 1265 denique
492 1211 632 1254 verbis
662 1210 778 1252 αὔειν
808 1210 996 1252 λακάζειν
1034 1223 1140 1262 quae
1170 1209 1294 1252 modo
1324 1210 1547 1275 attulimus,
1580 1210 1705 1252 etiam
1734 1212 1865 1252 verba
1894 1210 2020 1262 εὔχου
2041 1210 2260 1252 παιάνιςον
2280 1211 2498 1263 ἐξεύχομαι

76 1282 258 1334 ἐπεύχου
275 1281 370 1330 249,
388 1279 483 1331 250,
501 1278 596 1332 259,
614 1279 695 1321 262
712 1275 891 1332 quodam
913 1275 1034 1318 modo
1051 1275 1205 1331 opponi
1227 1280 1268 1318 et
1285 1289 1359 1330 per
1374 1275 1580 1318 ἀντίθεςιν
1595 1276 1785 1332 usurpari
1802 1282 1992 1331 apertum
2015 1282 2097 1328 est,
2128 1281 2190 1320 tot
2210 1290 2310 1321 vero
2331 1282 2499 1333 tamque

80 1349 303 1391 manifesta
333 1352 374 1389 et
404 1344 691 1400 responsionis
721 1350 761 1386 et
791 1344 1063 1398 oppositionis
1106 1342 1289 1395 vestigia
1332 1356 1441 1396 quae
1484 1344 1526 1384 in
1572 1343 1634 1385 his
1679 1344 1838 1386 vicenis
1876 1349 1917 1386 et
1946 1344 2058 1399 quod
2087 1349 2279 1399 superest
2307 1345 2498 1389 versibus

80 1418 234 1467 insunt,
279 1413 422 1455 omnia
465 1425 580 1453 mero
625 1411 740 1453 casui
784 1409 1005 1451 tribuenda
1048 1423 1140 1451 esse
1186 1409 1280 1462 quis
1311 1408 1480 1450 tandem
1513 1415 1576 1452 est
1607 1410 1675 1464 qui
1707 1410 1960 1453 contendat?
1990 1411 2105 1464 atqui
2137 1410 2265 1464 siquis
2295 1411 2499 1456 curiosius

80 1496 207 1536 quam
238 1479 495 1521 fructuosius
524 1479 631 1519 haec
660 1477 799 1518 omnia
828 1490 854 1517 a
883 1476 1000 1517 nobis
1037 1475 1270 1528 conquisita
1305 1488 1400 1517 esse
1436 1475 1560 1529 dicat,
1599 1490 1693 1517 eum
1732 1483 1926 1533 reputare
1957 1478 2080 1519 velim
2111 1476 2241 1532 (quod
2271 1478 2374 1519 alibi
2403 1479 2429 1519 l.
2461 1492 2496 1521 c.

78 1550 163 1590 iam
194 1548 301 1598 dixi)
333 1547 428 1597 ‚hac
458 1545 626 1586 demum
655 1543 971 1586 accuratissima
1014 1548 1098 1583 tum
1143 1542 1326 1583 universi
1370 1543 1606 1595 argumenti
1642 1550 1728 1585 tum
1765 1544 2020 1598 singulorum
2049 1543 2252 1586 dictorum
2283 1545 2497 1600 utriusque

80 1614 284 1658 orationis
333 1612 607 1667 responsione
657 1608 997 1663 compositionem
1046 1608 1336 1651 antitheticam
1387 1609 1556 1651 omnino
1604 1610 1864 1664 probabilem
1908 1610 2017 1663 fieri,
2062 1625 2171 1663 quae
2216 1611 2253 1653 si
2283 1611 2338 1652 ad
2366 1612 2498 1654 solum

82 1693 300 1724 numerum
330 1691 530 1722 versuum
563 1682 861 1729 externamque
892 1675 1072 1729 speciem
1102 1682 1325 1730 spectaret,
1364 1675 1513 1717 inutile
1552 1682 1592 1718 et
1628 1676 1849 1720 molestum
1886 1677 2085 1732 Aeschyli
2126 1677 2341 1720 inventum
2372 1679 2496 1721 esset'

288 1745 510 1798 Reliquum
542 1750 608 1786 est
636 1750 683 1786 ut
712 1742 994 1784 antithetieam
1024 1742 1180 1783 totius
1203 1741 1379 1797 episodii
1402 1742 1742 1797 compositionem
1764 1757 2041 1798 versuumque
2060 1744 2241 1786 omnium
2262 1743 2498 1800 discriptio·

82 1828 177 1856 nem
211 1815 291 1855 huc
322 1817 584 1868 spectantem
616 1810 732 1853 brevi
763 1810 804 1850 in
835 1815 1055 1863 conspectu
1084 1822 1300 1863 ponamus.
1360 1822 1467 1862 quae
1497 1809 1665 1864 quidem
1697 1810 1912 1865 discriptio
1943 1810 2087 1853 nescio
2117 1825 2171 1852 an
2202 1811 2307 1853 haec
2338 1811 2409 1853 sit:

628 1891 666 1919 v.
701 1876 919 1921 163--183
949 1875 1062 1927 ῥῆςις
1096 1877 1146 1918 13
1177 1878 1233 1929 (7,
1264 1876 1325 1929 6).
1357 1878 1395 1919 8.

622 1957 661 1984 ν.
697 1944 915 1986 184--227
943 1948 1127 1996 systema
1156 1942 1572 1995 lyrico-iambicum

626 2024 709 2060 ςτρ.
740 2010 777 2050 ά.
808 2011 846 2051 3.
878 2009 963 2049 ἀντ.
994 2009 1021 2048 ἀ
1048 2011 1084 2050 3.
1118 2023 1201 2059 ςτρ.
1234 2009 1278 2059 β’.
1312 2013 1350 2050 3.

622 2076 710 2118 ἀντ.
741 2076 787 2127 β’.
818 2077 857 2118 3.
888 2089 970 2125 ςτρ.
1000 2075 1047 2124 γ’.
1077 2076 1115 2118 3.
1146 2075 1233 2117 ἀντ.
1264 2076 1311 2124 γ’.
1342 2078 1380 2119 3.

623 2154 663 2184 ν.
695 2144 915 2186 228-246
945 2142 1242 2197 stichomythia
1270 2144 1309 2185 5.
1340 2144 1380 2184 5.
1411 2144 1449 2184 5.
1481 2143 1520 2185 4.

625 2225 662 2252 v.
694 2211 915 2253 247—269
944 2209 1177 2259 ἀντίρρηςις
1212 2211 1263 2253 13
1281 2212 1347 2263 ’(7,
1378 2212 1437 2263 6).
1469 2212 1508 2251 8.

284 2277 490 2321 Videmus
534 2276 686 2319 eximia
729 2282 817 2319 arte
862 2275 1130 2331 compositum
1173 2289 1270 2319 esse
1314 2277 1394 2318 hoc
1437 2274 1670 2331 episodium
1716 2288 1842 2330 quum
1887 2282 2055 2333 praeter
2098 2278 2351 2321 severiorem
2381 2278 2495 2322 illam

79 2348 342 2404 quarundam
387 2344 503 2387 chori
534 2343 714 2399 partium
759 2344 846 2397 (qui
890 2344 1037 2394 κομμοί
1075 2346 1291 2396 vocantur)
1321 2342 1641 2397 responsionem
1671 2343 2016 2400 antistrophicam
2046 2349 2133 2386 tum
2162 2344 2338 2388 duarum
2368 2345 2499 2400 longi-

81 2429 197 2459 orum
229 2412 467 2457 orationum
499 2411 788 2454 Eteoclearum
820 2424 979 2453 summa
1004 2410 1057 2452 sit
1086 2410 1367 2463 aequabilitas
1405 2414 1447 2451 et
1482 2410 1725 2464 symmetria
1759 2414 1847 2452 tum
1876 2411 2135 2465 singulorum
2165 2412 2273 2454 adeo
2303 2412 2497 2455 versuum

79 2480 382 2535 stichomythia
410 2479 468 2521 ad
497 2492 591 2521 eam
621 2478 723 2520 artis
754 2491 938 2519 normam
977 2477 1234 2520 conformata
1269 2477 1462 2520 videatur
1493 2483 1536 2518 ut
1566 2490 1618 2518 ex
1647 2477 1782 2520 tribas
1812 2477 2079 2531 quinionibus
2109 2484 2152 2521 et
2182 2478 2367 2521 clausula
2398 2491 2497 2532 qua—

80 2548 266 2592 ternaria
296 2552 472 2589 constet.

1072 2714 1297 2776 Cap-
1335 2712 1527 2764 W-

680 2816 954 2878 Nova
1005 2815 1401 2899 episodii
1449 2816 1904 2879 recensio.

277 2929 435 2985 Accipe
466 2942 578 2972 nunc
607 2928 759 2971 novam
789 2925 965 2982 episodii
993 2927 1277 2970 recensonemi
1307 2927 1474 2982 qualem
1504 2940 1587 2970 non
1613 2927 1748 2971 solum
1767 2926 1823 2970 ad
1844 2927 2185 2983 compositionem
2205 2928 2495 2973 antitheticam

78 3003 296 3052 artemque
339 2996 622 3051 Aeschyleam
666 2993 743 3036 sed
788 2993 956 3035 omnino
1000 2993 1054 3034 ad
1097 3006 1241 3036 sanam
1286 2994 1326 3035 ni
1371 2993 1492 3036 fallor
1527 2994 1730 3037 rationem
1758 3005 1960 3036 revocare
1990 2999 2164 3037 conatus
2195 3006 2300 3038 sum.
2359 3001 2498 3041 textus

80 3079 181 3107 vero
209 3077 331 3106 meae
360 3063 679 3117 qualiscumque
709 3060 976 3111 διορθώςεως
1006 3060 1074 3101 hic
1102 3062 1230 3113 est*):

287 3174 325 3219 ²⁸)
347 3174 473 3211 Weilii
497 3174 696 3219 exemplum
719 3178 863 3209 secutus
887 3176 1117 3216 systematum
1141 3173 1432 3217 periodon-umque
1456 3173 1647 3208 divisiones
1672 3173 1820 3208 literis
1844 3173 2101 3210 maiusculis
2118 3174 2252 3217 notavi,
2269 3174 2499 3211 articulorum

78 3242 162 3268 vero
188 3231 434 3267 distinctiones
457 3235 583 3275 utpote
606 3232 712 3275 paulo
738 3229 1001 3266 artificiosiores
1025 3229 1172 3273 ideoque
1196 3230 1411 3266 dubitationi
1435 3229 1603 3265 obnoxias
1628 3239 1698 3265 uon
1722 3230 1819 3266 item.
