2636 3572
1282 127 1330 166 14

80 259 232 302 sectam
255 271 517 300 numerorum
539 258 790 312 elegantiam
812 258 917 301 nihil
937 259 1102 301 omnino
1123 257 1274 300 deesse
1293 258 1500 302 videatur.
1537 259 1717 314 denique
1734 259 1864 314 siquis
1883 260 2059 303 miretur
2073 260 2185 314 quod
2205 265 2270 303 sat
2290 259 2505 303 insolitum

81 325 332 368 vocabulum
351 325 569 365 ποταίνιον
584 326 682 379 (pro
703 325 952 376 διάδρομον)
973 331 1130 367 textum
1148 324 1430 379 Aeschyleum
1451 325 1732 380 occupaverit,
1757 324 1870 367 haud
1890 325 2080 368 dubitem
2099 326 2297 380 equidem
2316 340 2411 368 eum
2432 326 2506 369 ad-

78 405 249 434 monere
271 390 420 433 eodem
439 389 566 434 modo
584 390 689 433 illud
711 391 869 435 factum
891 405 986 434 esse
1006 396 1133 446 atque
1153 389 1197 431 in
1226 389 1321 434 aliis
1351 392 1539 435 centenis
1569 391 1635 434 vel
1666 391 1844 435 millenis
1872 391 1978 435 locis
2007 392 2119 447 apud
2150 406 2296 436 omnes
2316 398 2504 436 veterum

78 457 306 513 scriptores
358 482 399 488 —
442 471 593 512 nempe
636 456 885 501 s02-‹lissima
927 459 1494 512 interpretamentorum
1538 459 1645 501 sive
1689 458 2054 512 glossematum
2098 459 2306 502 scabritie.
2377 460 2506 515 igitur

78 524 288 579 genuinae
318 524 551 578 scripturae
581 526 848 580 Aeschyleae
879 526 1108 576 διάδρομον
1137 537 1263 577 quam
1293 525 1521 567 divinando
1551 531 1592 567 et
1622 525 1713 568 sola
1747 525 2011 568 coniecturae
2041 539 2122 580 ope
2151 527 2503 581 recuperavimus,

79 605 105 633 a
154 590 326 633 librario
376 591 520 634 nescio
571 605 655 645 quo
706 591 963 647 adscriptum
1014 591 1224 646 glossema
1276 592 1454 635 sortasse
1509 591 1584 635 fuit
1631 592 1829 635 ποτανόν.
1917 591 2028 645 quod
2076 591 2247 647 quidem
2294 593 2504 647 glossema

77 659 279 715 gliscente
325 658 461 713 magis
506 658 732 713 magisque
779 658 1016 714 corruptela
1051 657 1172 700 facile
1202 657 1247 699 in
1276 658 1493 700 ποταίνιον
1522 658 1796 715 depravatum
1826 664 1922 718 post
1950 658 1992 701 in
2021 658 2116 715 ipsa
2144 659 2346 715 Aeschyli
2375 659 2505 702 verba
2576 689 2583 695 ·

77 726 259 780 irrepsit.

280 804 375 845 226.
405 802 460 844 de
492 803 572 845 hoc
603 816 726 845 versu
756 816 899 845 omnes
928 800 1040 853 quod
1086 799 1217 842 sciam
1263 801 1393 843 critici
1438 801 1573 844 securi
1618 816 1753 856 neque
1796 803 2018 857 quiequam
2063 801 2204 844 mendi
2240 802 2504 856 suspicantes

76 876 148 912 aut
192 869 360 911 omnino
405 876 546 911 tacent
590 876 662 912 aut
707 867 909 923 Hesychii
954 866 1136 920 glossam
1187 866 1491 918 ἁρπαλίζομαι·.
1520 868 1709 919 ἀεμένωε
1754 864 1927 920 δέχομαι
1956 868 2001 922 (i.
2033 882 2069 911 e.
2100 867 2222 910 avide
2252 868 2432 923 excipio)
2462 873 2505 911 et

76 936 268 980 codicum
301 948 552 978 consensum
582 936 753 977 iactant.
812 935 887 976 sed
924 934 1003 975 hoc
1038 934 1210 974 verbum
1251 935 1413 976 etiamsi
1443 934 1486 975 in
1517 941 1681 976 centum
1724 935 1948 989 Hesychiis
1991 941 2240 989 centumque
2284 933 2502 977 codicibus

77 1009 279 1054 exstaret,
310 1015 394 1043 non
423 1003 658 1056 probarem.
716 1006 826 1043 totus
856 1000 968 1041 enim
997 1000 1112 1041 locus
1142 999 1296 1041 clamat
1325 1001 1497 1042 verbum
1527 1000 1779 1042 clamandi
1810 1002 1874 1042 vel
1914 1000 2052 1056 potius
2088 999 2405 1042 lamentandi
2436 1000 2503 1042 hic

75 1068 322 1113 desiderari.
381 1069 494 1123 quod
525 1082 607 1110 uon
637 1081 763 1123 posse
793 1065 907 1109 aliud
938 1080 1032 1109 esse
1062 1079 1184 1120 quam
1223 1066 1351 1109 ἰύζειν
1380 1067 1582 1123 suspicor,
1627 1071 1671 1109 ut
1713 1066 1773 1110 sic
1815 1080 1963 1111 versus
2005 1067 2073 1110 ille
2118 1067 2243 1110 facile
2288 1066 2502 1109 emendari

75 1150 205 1192 posse
236 1136 449 1178 videatur:
479 1135 676 1185 πύθηεθε,
713 1135 957 1175 κωκυτοῑειν
987 1132 1256 1175 ἀντιύζετε.
1316 1132 1465 1175 codem
1495 1134 1622 1175 verbo
1653 1146 1753 1175 usus
1786 1141 1849 1175 est
1877 1133 2114 1188 Aeschylus
2142 1146 2269 1186 quum
2296 1133 2396 1176 alibi
2416 1139 2503 1175 tum

75 1203 222 1258 Suppl.
254 1204 338 1246 838
368 1203 491 1258 (item
522 1202 566 1243 in
594 1200 800 1253 diverbio)
836 1200 921 1242 ἴυζε
952 1201 1018 1241 καὶ
1053 1199 1203 1241 λάκαζε
1235 1200 1302 1240 καὶ
1332 1199 1446 1241 κάλει
1477 1199 1612 1241 θεούς.
1680 1199 1755 1241 sed
1800 1200 1925 1242 etiam
1967 1200 2155 1254 proximo
2197 1198 2340 1242 versui
2384 1200 2502 1252 (227)

74 1271 148 1312 vix
179 1271 350 1312 dubium
381 1269 546 1311 videtur
575 1268 674 1322 quin
702 1281 834 1321 parva
863 1267 1056 1309 labecula
1084 1266 1342 1309 adhaeserit:
1374 1265 1694 1320 languidissime
1725 1267 1832 1309 enim
1863 1274 1958 1321 post
1987 1266 2125 1321 τούτῳ
2155 1280 2230 1321 per
2258 1265 2503 1317 ἐπεξήγηειν

75 1351 202 1392 quam
234 1343 388 1380 vocant
416 1335 516 1378 addi
546 1335 671 1389 φόνῳ
702 1336 870 1386 βροτῶν
899 1347 1004 1377 uuus
1034 1333 1212 1387 quisque
1244 1331 1370 1375 credo
1401 1332 1541 1376 sentit.
1601 1339 1855 1389 quapropter
1883 1333 1945 1377 sic
1974 1333 2231 1389 scripserim:
2262 1332 2401 1388 τούτῳ
2420 1332 2501 1383 γὰρ

76 1405 207 1455 Ἀρηε
241 1404 431 1455 βόεκεται
462 1403 653 1452 φονεὺ(
686 1402 859 1452 βροτῶν.
930 1407 1072 1441 contra
1101 1400 1144 1440 in
1175 1400 1381 1453 scriptura
1423 1400 1561 1454 τούτῳ
1607 1400 1752 1442 sedem
1789 1401 2050 1455 corruptelae
2088 1412 2294 1452 quaerens
2324 1399 2502 1440 Weilius

75 1471 306 1514 novissime
336 1469 362 1511 l.
394 1482 429 1510 c.
461 1468 538 1510 hoe
557 1467 809 1509 'dubitanter
838 1465 1161 1508 commendavit:
1193 1468 1345 1519 κοινῷ
1375 1465 1455 1516 γὰρ
1486 1465 1615 1516 Ἄρη(
1647 1466 1835 1517 βόεκεται
1865 1466 1989 1520 φόνῳ
2021 1467 2195 1517 βροτῶν.

267 1564 373 1606 230.
403 1562 448 1604 in
479 1562 558 1603 hoc
587 1574 670 1603 uno
699 1573 821 1603 versu
851 1561 928 1602 tria
960 1561 1057 1602 vitia
1084 1561 1223 1601 inesse
1253 1561 1344 1612 quis
1375 1561 1549 1602 credat?
1579 1573 1659 1613 age
1679 1560 1896 1602 videamus
1917 1561 2092 1614 singula.
2136 1560 2315 1614 primum
2337 1560 2499 1600 ετένει

73 1634 256 1682 πόλιεμα
286 1629 362 1673 etsi
394 1642 591 1683 graecum
623 1641 724 1671 sane
754 1632 879 1681 atque
910 1625 1017 1670 adeo
1047 1625 1259 1682 poeticum
1293 1630 1357 1669 est
1393 1625 1601 1682 similique
1638 1626 1884 1682 metaphora
1922 1625 2028 1670 dixit
2058 1625 2295 1682 Aeschylus
2324 1629 2370 1669 ut
2398 1638 2498 1681 pau-

76 1699 138 1743 cis
168 1696 374 1753 exemplis
404 1695 622 1749 defungar,
654 1695 731 1736 hac
760 1695 851 1750 ipsa
880 1694 1026 1736 fabula.
1056 1694 1178 1750 (876)
1212 1694 1400 1735 (τένουει
1428 1694 1591 1744 πύργοι,
1638 1695 1770 1736 ετένει
1805 1695 1936 1736 πέδον
1966 1694 2211 1746 φίλανδρον.
2271 1694 2384 1735 Pers.
2415 1694 2498 1735 506

74 1767 134 1807 ὡς
166 1766 324 1805 ετένειν
352 1764 477 1803 πόλιν
520 1761 708 1810 Περεῶν.
778 1762 860 1802 543
904 1762 1035 1801 ετὲνει
1078 1761 1158 1807 γαῖ’
1190 1758 1338 1800 Ἀειάε.
1410 1762 1493 1802 684
1537 1762 1677 1805 ετένει,
1723 1762 1919 1801 κέκοπται
1962 1763 2028 1801 καὶ
2072 1761 2319 1811 χαράεεεται
2355 1760 2496 1799 πέδον.

73 1833 221 1885 Agam.
252 1830 337 1873 685
365 1827 561 1878 Πριάμου
591 1827 711 1868 πόλι(
740 1827 887 1877 γεραιὰ
916 1826 1185 1877 πολύθρηνον
1216 1827 1320 1877 μέγα
1349 1840 1432 1868 που
1464 1827 1605 1872 ετένει,
1636 1831 1777 1868 tamen
1807 1831 1979 1881 propter
2007 1825 2050 1869 id
2080 1826 2217 1881 ipsum
2240 1824 2353 1880 quod
2374 1823 2497 1867 nimis

72 1898 282 1954 poeticum
329 1900 409 1947 est,
456 1894 524 1935 hic
559 1893 696 1935 locum
732 1906 815 1934 non
843 1893 983 1946 habet,
1014 1893 1084 1934 ubi
1116 1893 1285 1934 chorum
1317 1893 1359 1934 in
1391 1898 1507 1935 tanto
1537 1892 1723 1948 periculo
1752 1905 1834 1934 non
1866 1892 2008 1935 fucum
2028 1899 2071 1935 et
2100 1897 2345 1935 ornamenta
2374 1891 2496 1933 orati-

72 1965 166 2008 onis
196 1974 415 2017 quaerere,
448 1959 525 2002 sed
554 1958 862 2014 simplicissime
893 1972 944 2001 ac
972 1959 1190 2002 verissime
1219 1959 1333 2014 loqui
1365 1959 1499 2012 decet,
1544 1958 1723 2001 fortasse
1767 1959 1843 2000 sic:
1881 1960 2037 2001 ετὲνω
2079 1954 2259 2009 πόλιεμα
2289 1971 2411 2011 quem
2442 1957 2497 1999 ad

70 2030 241 2072 modum
272 2034 315 2070 et
345 2032 443 2068 ante
474 2028 557 2069 228
587 2026 730 2066 ἀκούω
761 2032 801 2067 et
838 2032 933 2079 post
970 2026 1051 2068 232
1088 2027 1257 2066 δέδοικα
1299 2026 1463 2068 locutus
1507 2032 1579 2068 est.
1654 2025 1810 2068 deiude
1855 2039 1932 2067 nec
1975 2029 2105 2075 γῆθεν
2133 2026 2171 2067 si
2201 2030 2315 2067 recte
2346 2026 2496 2077 sentio,

70 2095 338 2154 probandum
368 2106 447 2136 nec
476 2093 625 2136 debilis
655 2092 861 2147 particula
889 2092 947 2135 ὡ(
977 2091 1100 2135 valde
1130 2091 1268 2148 placet
1299 2097 1341 2135 et
1372 2091 1485 2146 quod
1515 2092 1738 2135 maximum
1783 2097 1860 2146 est,
1905 2090 2074 2136 omnino
2117 2090 2236 2135 deest
2274 2089 2497 2147 participio

70 2163 373 2214 κυκλουμένων
403 2160 640 2204 subiectum
670 2158 781 2213 quod
811 2159 853 2201 in
882 2172 1014 2214 prava
1043 2159 1248 2214 scriptura
1276 2162 1405 2210 γῆθεν
1435 2159 1493 2202 ὡς
1526 2159 1612 2213 (alii
1642 2159 1735 2201 libri
1766 2164 1807 2202 et
1836 2158 1962 2202 Turn.
2007 2172 2082 2214 pro
2125 2161 2256 2210 γῆθεν
2293 2159 2498 2215 praebent

71 2232 221 2285 δῆθεν)
252 2230 433 2271 sortasse
464 2226 676 2269 delitescit
705 2251 758 2257 —
789 2226 950 2267 scilicet
979 2226 1119 2267 δαῖων.
1178 2231 1306 2279 atque
1336 2226 1416 2267 hoc
1444 2226 1583 2280 ipsum
1612 2226 1864 2279 vocabulum
1885 2225 2011 2267 etiam
2033 2225 2262 2267 scholiasta
2282 2225 2497 2267 Medicmrs

69 2298 227 2351 legisse
258 2295 426 2337 videtur
454 2294 527 2347 qni
558 2294 638 2335 hoc
665 2293 790 2334 modo
820 2293 1134 2345 interpretatur:
1166 2292 1225 2333 ὼ(
1256 2292 1524 2333 κυκλούντων
1552 2294 1631 2341 τὴν
1659 2293 1783 2333 πόλιν
1811 2295 1912 2333 τῶν
1940 2293 2198 2342 πολεμίων
2226 2295 2310 2333 κτλ.

274 2390 368 2432 253.
399 2393 523 2431 acute
552 2385 721 2442 quidem
750 2385 924 2429 Weilius
958 2384 1010 2428 de
1041 2385 1119 2428 hoe
1150 2398 1293 2428 versu:
1323 2385 1581 2439 ,concinnius
1612 2391 1724 2430 esset
1753 2385 1869 2429 λύειν
1896 2399 1943 2429 τε
1971 2387 2185 2439 πολεμίων
2215 2386 2389 2439 φόβων.’
2421 2384 2497 2429 sed

68 2463 245 2515 repente
276 2471 303 2499 a
331 2466 432 2497 vero
463 2451 678 2496 aberravit
706 2450 810 2493 nihil
840 2451 1082 2494 mutandum
1113 2464 1207 2495 esse
1252 2450 1424 2493 addens.
1497 2451 1687 2507 profecto
1730 2451 1974 2494 mutandum
2018 2451 2193 2506 aliquid,
2238 2451 2314 2494 sed
2357 2451 2496 2493 hercle

68 2540 152 2569 uon
182 2526 242 2566 ita
272 2523 332 2565 uti
364 2522 570 2563 censebat
599 2519 796 2560 Weilius:
827 2532 908 2571 quo
938 2520 1047 2560 enim
1080 2518 1323 2560 concinnior
1350 2518 1422 2558 fiat
1454 2519 1598 2571 oratio,
1629 2533 1704 2573 pro
1728 2519 1952 2573 participio
1973 2520 2132 2560 λύουεα
2153 2519 2496 2571 investigandum

68 2590 186 2635 aliud
228 2587 496 2645 participium
540 2585 654 2640 quod
698 2584 753 2627 ad
798 2589 1017 2638 utrumque
1062 2584 1273 2627 obiectum
1317 2589 1359 2626 et
1394 2583 1548 2635 θάρεοε
1587 2588 1629 2626 et
1664 2584 1806 2636 φόβον
1835 2584 1993 2639 pariter
2021 2582 2325 2627 accommodari
2357 2590 2495 2639 queat,

67 2658 254 2713 exempli
286 2670 437 2699 causa:

339 2732 496 2785 θὰρεοε
525 2730 667 2784 φίλοι(
697 2731 923 2776 διδοῡεα,
954 2728 1192 2780 πολεμίοις
1225 2727 1377 2780 φόβον.

64 2844 323 2888 quamquam
353 2829 397 2870 in
426 2830 622 2883 promptu
651 2828 747 2867 sunt
778 2823 904 2865 etiam
933 2823 1017 2866 alia
1044 2824 1176 2867 veluti
1206 2823 1387 2875 φύουεα,
1417 2823 1587 2868 τιθεῑεα,
1618 2822 1696 2865 sed
1725 2825 1898 2865 διδοῦεα
1928 2828 1973 2865 ut
2001 2822 2351 2878 simplicissimum
2377 2836 2497 2878 prae-

66 2898 290 2942 ferendum
319 2895 510 2937 arbitror.
541 2891 698 2934 eximia
727 2890 837 2932 enim
867 2895 956 2932 arte
987 2895 1113 2945 poeta
1146 2889 1362 2933 Eteoclem
1390 2902 1533 2943 regem
1562 2888 1806 2944 simpliciter
1833 2889 2018 2944 graviter
2046 2888 2275 2944 regiaeque
2302 2889 2497 2945 dignitati

64 2964 368 3008 convenienter
395 2962 636 3015 loquentem
666 2962 905 3000 monentem
944 2961 1070 3009 atque
1113 2955 1224 2999 adeo
1264 2955 1575 3012 vituperantem
1619 2959 1661 2998 et
1704 2955 1992 3010 obiurgantem
2035 2955 2152 3009 facit,
2195 2955 2307 3011 quod
2350 2970 2498 3012 parum

64 3038 290 3085 spectasse
318 3027 423 3070 mihi
451 3026 650 3069 videntur
679 3022 826 3065 critici.

271 3122 506 3166 254-264.
551 3118 735 3173 denique
778 3120 1026 3172 perventum
1070 3122 1134 3159 est
1169 3115 1225 3159 ad
1261 3115 1399 3159 locum
1435 3113 1728 3157 difficillimum
1764 3128 1929 3159 crucem
1966 3122 2013 3160 ut
2046 3117 2106 3160 ita
2142 3116 2282 3160 dicam
2311 3118 2497 3161 omnium

62 3191 342 3245 ‘interpretum
374 3195 415 3232 et
444 3187 694 3232 criticorum.
754 3184 796 3227 in
828 3182 1095 3240 persanando
1114 3181 1306 3227 hocloco
1327 3186 1495 3238 praeter
1513 3186 1679 3225 ceteros
1698 3181 1824 3225 etiam
1844 3183 2056 3240 ,princeps
2074 3183 2145 3226 ille
2175 3183 2497 3240 philologorum’
