2636 3572
1297 118 1348 159 12

99 250 406 301 πυριβρεμέται.
451 261 548 290 nam
594 247 786 291 eiusdem
831 248 1035 304 Hesychii
1065 248 1264 303 glossam:
1301 252 1604 303 πυριβρεμέταε
1634 251 1658 294 ὁ
1689 252 1869 305 χαλινός·
1898 252 2121 305 Τιμαχίδας
2151 251 2523 309 (glossographus)

100 318 148 359 δὲ
178 317 325 370 (λέγει)
355 317 448 367 ἤτοι
478 316 503 357 ὁ
532 317 633 366 πυρὶ
663 316 842 367 βρέμων,
873 317 899 366 ἢ
931 317 999 357 διὰ
1027 316 1161 366 πυρὸς
1193 317 1424 367 βρέμοντοε
1460 319 1645 368 γεγονώς
1675 318 1731 361 ad
1760 319 1871 362 hunc
1916 319 2054 402 locum
2097 319 2379 413 Aeschyleum
2428 331 2523 374 spe-

83 388 214 426 ctare
243 382 400 438 primus
430 382 705 438 probabiliter
734 382 913 425 coniecit
943 381 1195 425 Dindorfius.

303 461 396 503 102.
427 472 653 514 numquam
684 473 766 502 non
795 461 917 503 male
933 474 1000 503 me
1030 460 1176 503 habuit
1206 461 1415 517 scriptura
1439 461 1597 516 ποντίῳ
1626 462 1753 513 πρὸ(
1782 461 1959 513 κύματι
1994 462 2038 505 in
2067 475 2151 516 qua
2179 462 2339 517 aliquid
2368 434 2521 506 ulceris

95 527 227 569 latere
257 526 435 569 Weilius
467 540 636 581 quoque
665 540 754 570 sen
762 527 852 570 iens
882 527 1122 569 dubitanter
1148 529 1370 583 proposuit
1398 530 1557 584 ποντίῳ
1586 529 1856 583 κλυδωνίῳ.
1888 527 2082 583 equidem
2110 540 2167 570 ex
2195 529 2298 584 ipsis
2331 528 2523 574 codicum

96 593 291 647 vestigiis
345 594 609 647 probabilius
661 595 918 637 instaurasse
970 594 1072 635 mibi
1119 593 1264 635 videor
1311 608 1479 637 manum
1527 570 1727 650 Aeschyli
1775 608 1884 649 quae
1933 595 2075 638 nescio
2123 608 2178 636 an
2225 596 2334 637 haee
2380 594 2522 638 fuerit:

76 659 256 713 ’ποντίῳ
286 660 675 710 προεκλύεματι.

303 738 538 780 199-201-
569 737 714 779 mirum
746 739 932 793 profecto
963 743 1028 780 est
1056 737 1191 792 ipsum
1221 739 1537 793 compositionis
1566 739 1837 781 antitheticae
1865 739 2122 781 inventorem
2141 738 2336 780 Weilium
2362 737 2521 780 incerto

98 802 256 845 codicis
300 803 355 845 M.
402 803 647 846 testimonio
692 809 733 846 et
777 804 966 859 exemplo
1010 803 1239 846 Hermanni
1284 811 1329 846 ut
1371 804 1536 848 videtur
1571 809 1818 847 commotum
1864 804 1941 848 hos
1971 809 2056 848 tres
2084 817 2234 848 versus
2263 803 2309 846 in
2338 802 2522 846 editione

80 882 177 911 >sua
204 869 315 910 inter
345 870 560 911 Eteoclen]
592 875 632 911 et
662 871 831 913 chorum
862 870 1122 926 divisisse*):
1155 883 1237 922 quo
1268 884 1351 913 non
1381 871 1505 913 modo
1535 871 1819 914 sublimiorem
1847 871 1961 913 illam
1997 871 2197 914 rationem
2234 869 2521 913 antitheticam

97 948 125 977 a
153 942 288 977 semet
327 936 420 990 ipso
465 936 673 978 detectam
718 936 903 987 violavit,
948 936 1023 979 sed
1068 937 1194 979 etiam
1238 937 1591 993 simplicissimam
1637 937 1965 992 stichomythiae
2007 938 2141 991 legem
2186 937 2313 991 plane
2357 935 2521 978 evertit.

100 1015 246 1044 verum
279 1007 421 1044 tamen
452 1015 632 1045 errorem
662 1015 781 1045 suum
811 1015 908 1044 mox
937 1002 1029 1057 ipse
1059 1003 1230 1057 agnovit
1259 1003 1427 1047 invictis
1462 1004 1615 1046 Keckii
1644 1003 1900 1058 argumentis
1925 1003 2163 1047 assentiens
2197 1002 2335 1047 annal.
2379 1001 2522 1058 philol.

95 1068 363 1112 Fleckeiseni
395 1068 476 1110 vol.
507 1068 732 1110 LXXXIX
762 1082 801 1123 p.
832 1070 928 1123 583,
958 1074 1183 1125 postquam
1212 1069 1295 1111 iam
1326 1075 1424 1112 ante
1460 1075 1609 1125 sponte
1645 1070 1850 1113 concessit
1885 1083 2028 1113 omnes
2064 1075 2148 1113 tres
2176 1083 2323 1113 versus
2352 1074 2523 1126 propter

97 1135 442 1190 stichoniythiam
472 1135 629 1177 Eteoeli
659 1135 790 1177 videri
821 1135 1065 1178 tribuendos
1110 1149 1218 1188 esse,
1264 1136 1338 1177 sed
1383 1137 1514 1178 verba
1555 1136 1650 1191 ipsa
1692 1136 1874 1178 obstare.
1938 1136 2079 1191 itaque
2109 1136 2326 1179 videamus
2356 1136 2523 1190 singula

95 1203 245 1244 verba:
277 1215 384 1255 quae
415 1216 518 1244 cave
548 1201 695 1244 credas
727 1202 781 1244 ab
811 1202 1106 1256 interpretibus
1135 1208 1249 1243 recte
1279 1204 1486 1257 explicata
1518 1216 1624 1245 esse.
1689 1216 1741 1244 en
1784 1208 2074 1255 argumentum
2118 1203 2262 1245 horum
2307 1215 2521 1245 versuum:

96 1268 295 1311 Eteocles
325 1268 529 1321 virginum
559 1267 834 1323 trepidatione
863 1267 986 1309 valde
1016 1268 1202 1310 offensus
1246 1267 1392 1321 iraque
1437 1268 1750 1311 excandescens
1795 1267 1920 1322 paulo
1961 1268 2153 1310 acerbius
2183 1274 2224 1309 et
2254 1267 2449 1311 iniustius
2479 1268 2522 1309 in

96 1334 338 1390 pavitantes
369 1333 658 1386 eiulantesque
687 1333 914 1375 Thebanas
944 1334 1154 1376 invehitur
1183 1334 1340 1376 frustra
1370 1347 1444 1375 eas
1474 1335 1635 1388 precari
1665 1339 1711 1376 ut
1739 1340 1874 1376 turres
1905 1334 2085 1376 hostium
2113 1334 2313 1389 impetum
2345 1334 2521 1376 sustine-

97 1406 181 1453 ant,
213 1398 471 1442 sollemniter
499 1413 747 1442 asseverans
777 1398 962 1453 deosque
992 1401 1107 1454 ipsos
1137 1400 1357 1458 invocans:
1387 1401 1496 1451 πρὸ(
1527 1403 1638 1442 θεῶν
1669 1401 1710 1443 h.
1741 1414 1778 1443 e.
1807 1414 1894 1455 per
1924 1400 2057 1443 deos.
2089 1399 2199 1455 (scil.
2226 1401 2349 1455 iuro).
2379 1400 2521 1453 itaque

94 1466 269 1518 εὔχεεθε
300 1466 552 1509 indicativus
582 1472 658 1521 est,
690 1479 772 1508 non
802 1466 1087 1521 imperativus.
1146 1466 1304 1509 οὔκουν
1332 1464 1422 1508 τόδ’
1451 1465 1567 1523 (libri
1595 1465 1701 1521 τάδ’)
1732 1466 1843 1509 ἔεται
1871 1467 1979 1519 πρὸ(
2010 1469 2121 1509 θεῶν
2149 1480 2233 1511 non
2263 1475 2329 1511 est
2348 1466 2522 1510 interro-

95 1534 212 1587 gatio
243 1539 288 1575 ut
317 1534 445 1587 vulgo
476 1534 684 1588 explicant
712 1533 959 1587 interpretes
989 1534 1099 1575 falso
1129 1539 1357 1576 vertentes:
1388 1546 1549 1575 nonne
1585 1534 1677 1575 hoc
1705 1547 1860 1589 penes
1891 1535 2010 1576 deos
2040 1534 2166 1576 erit?
2196 1535 2262 1576 vel
2291 1534 2520 1577 secundum

95 1600 391 1653 Weilitiin*⁴“):
423 1600 690 1643 deorumne
711 1601 801 1643 hoc-
821 1600 1086 1643 intererit‘?
1106 1626 1160 1631 ——
1177 1599 1255 1643 sed
1276 1601 1339 1643 sie
1358 1600 1498 1655 potius
1528 1600 1791 1643 vertendum:
1822 1615 2133 1656 nequaquam
2154 1602 2242 1657 (vel
2262 1615 2357 1644 non
2379 1607 2521 1657 ergo)

95 1668 190 1711 hoc
221 1667 319 1710 erit
350 1667 456 1721 (fiet)
488 1681 575 1722 per
604 1666 743 1710 deos!
773 1666 856 1709 iam
887 1665 998 1709 idem
1030 1666 1224 1709 Eteocles
1244 1666 1401 1722 pergit:
1433 1665 1521 1709 sed
1553 1667 1680 1709 enim
1710 1665 1832 1710 deos
1862 1667 2032 1711 ferunt
2060 1682 2083 1711 e
2114 1667 2345 1722 qualibet
2375 1672 2523 1722 capta

96 1735 220 1777 urbe
252 1734 514 1776 excedere.
574 1746 648 1788 pro
678 1732 767 1775 ἀλλ’
797 1733 876 1775 οὖν
903 1733 1025 1775 facile
1056 1733 1150 1786 quis
1181 1733 1384 1788 suspicari
1416 1734 1549 1789 possit
1578 1734 1646 1774 καὶ
1674 1733 1764 1785 γάρ,
1795 1733 1872 1776 sed
1902 1734 2002 1776 nihil
2030 1734 2293 1777 mutandum:
2326 1732 2416 1775 ἀλλ’
2444 1733 2523 1776 οὖν

96 1801 254 1844 dictum
286 1806 349 1843 est
378 1814 455 1856 pro
485 1800 663 1855 simplici
692 1799 798 1842 ἀλλά
827 1800 893 1841 vel
921 1813 998 1855 pro
1027 1799 1133 1841 ἀλλὰ
1161 1800 1252 1852 γάρ.
1284 1791 1371 1855 pro*
1390 1801 1490 1842 τοὺ(
1520 1802 1597 1851 γῆ(
1629 1813 1728 1843 vero
1759 1800 1871 1854 quod
1899 1795 2009 1842 'libri
2056 1804 2275 1854 testantur,
2313 1800 2398 1843 noli
2430 1813 2522 1843 cum

95 1867 319 1911 Schuetzio
351 1874 391 1908 et
422 1867 661 1909 Hermanno
691 1866 846 1907 αὐτούς
876 1866 1060 1908 scribere
1090 1871 1162 1908 aut
1193 1867 1416 1920 quicquam
1453 1866 1626 1908 remedii
1662 1880 1688 1907 a
1725 1866 1896 1908 scholiis
1925 1867 1993 1908 hie
2024 1871 2282 1921 exspectare,
2313 1880 2439 1921 quum
2470 1879 2523 1909 ex

96 1935 203 1990 ipsis
233 1934 375 1988 petius
406 1933 549 1975 verbis
580 1933 743 1986 locique
772 1931 913 1975 indole
942 1932 1075 1983 mitent
1105 1946 1181 1987 pro
1211 1934 1312 1975 τοὺς
1343 1936 1418 1984 τῆς
1449 1932 1641 1975 conicere
1671 1932 1714 1974 in
1744 1937 1940 1987 promptu
1969 1933 2035 1976 sit.
2095 1946 2201 1986 quae
2237 1933 2403 1987 quidem
2440 1947 2524 1975 vox

93 2016 178 2046 non
225 2002 316 2045 sine
362 2000 554 2043 acumine
598 1997 779 2054 quodam
824 2004 1025 2055 usurpata
1068 1998 1233 2042 videtur
1276 1999 1318 2042 in
1361 1999 1442 2042 hac
1478 1998 1684 2042 communi
1719 1999 1927 2042 sententia
1955 2012 2133 2054 quacum
2162 2004 2261 2055 apte
2291 1999 2524 2056 comparari

94 2071 202 2114 solet
237 2069 355 2110 locus
393 2066 567 2120 Vergilii
612 2068 716 2108 Aen.
762 2067 815 2119 11,
860 2067 959 2109 351:
1004 2079 1272 2108 excessere
1317 2080 1486 2108 omnes
1530 2064 1706 2120 adytis
1751 2066 1956 2119 arisque
1999 2066 2204 2108 relictis
2249 2066 2297 2107 di
2342 2067 2524 2120 quibus

93 2134 362 2191 imperium
393 2133 486 2175 boc
517 2137 745 2175 steterat.

296 2212 392 2255 204.
423 2210 519 2253 205.
550 2209 650 2252 olim
679 2223 773 2252 cum
802 2210 969 2252 Prienio
1000 2214 1041 2252 et
1072 2209 1226 2252 Weilio
1256 2209 1310 2252 de
1341 2209 1580 2266 corruptela
1623 2208 1748 2252 huius
1791 2209 1872 2251 loci
1917 2209 2113 2264 cogitavi,
2157 2222 2267 2252 nunc
2306 2222 2381 2266 pro
2415 2223 2521 2252 sano

92 2280 246 2332 habeo,
277 2291 404 2332 quum
434 2277 692 2330 Aeschylum
721 2291 748 2319 a
776 2282 981 2319 structura
1009 2277 1124 2319 verbi
1154 2277 1312 2332 passivi
1343 2278 1426 2320 204
1468 2276 1866 2328 ἀετυδρομουμέναν
1903 2276 2027 2317 πόλιν
2056 2275 2111 2318 ad
2140 2281 2389 2319 structuram
2419 2276 2522 2318 acti-

91 2360 191 2389 vam
221 2345 288 2388 vel
318 2344 461 2401 potius
489 2343 671 2386 mediam
700 2343 783 2386 205
811 2344 878 2385 καὶ
908 2342 1123 2395 ετρὰτευμ’
1150 2343 1438 2395 ἁπτόμενον
1467 2344 1569 2396 πυρὶ
1599 2343 1705 2398 δαῑῳ
1734 2341 1912 2385 transire
1941 2347 2096 2397 putem.
2117 2342 2316 2386 ἅπτεεθαι
2336 2342 2437 2394 πυρί
2461 2346 2526 2386 est

93 2411 311 2469 aggredi
333 2411 423 2453 sive
443 2409 686 2452 invadere
707 2411 823 2466 igne
843 2409 870 2450 i.
883 2422 919 2451 e.
940 2408 1213 2452 incendere
1233 2409 1475 2464 dictumque
1495 2423 1572 2465 pro
1591 2407 1774 2465 simplici
1785 2407 1984 2450 ἅπτεεθαι
1996 2408 2063 2451 vel
2079 2408 2234 2451 ἅπτειν.
2252 2409 2409 2465 quippe
2426 2422 2525 2465 sup-

91 2479 294 2536 plendum
326 2483 391 2520 est
421 2476 533 2531 quod
563 2477 688 2530 vulgo
719 2476 917 2520 omittitur
944 2489 1172 2530 pronomen
1202 2477 1332 2527 αὐτῆς
1354 2476 1381 2519 i.
1402 2489 1440 2519 e.
1459 2476 1640 2518 πόλεως.
1661 2473 1894 2526 ετράτευμα
1915 2487 2014 2517 vero
2035 2473 2264 2517 exercitum
2284 2475 2526 2519 hostilem

93 2560 189 2592 esse
220 2557 348 2599 quum
380 2545 548 2587 omnino
579 2556 602 2584 e
632 2541 854 2585 verborum
898 2546 1093 2585 contextu
1134 2547 1340 2599 appareat
1383 2547 1471 2585 tum
1515 2547 1661 2597 aperte
1705 2539 1966 2596 significatur
2009 2539 2221 2583 adiectivo
2264 2542 2382 2597 δαΐῳ.
2413 2540 2526 2596 quod

91 2613 265 2670 quidem
313 2610 530 2668 epitheton
575 2609 700 2652 etiam
745 2621 838 2652 cum
882 2622 984 2651 voce
1028 2610 1262 2662 (τράτευμα
1306 2609 1481 2663 iungere
1523 2613 1690 2665 poterat
1733 2612 1860 2664 poeta
1901 2612 1947 2650 ut
1992 2609 2071 2651 132
2108 2612 2272 2664 (τρατῷ
2301 2610 2417 2664 δαῖῳ,
2449 2608 2526 2652 sed

92 2679 366 2725 Homericum
394 2675 498 2719 illud
522 2680 570 2719 ,et
600 2674 737 2730 magis
765 2674 977 2731 poeticum
1006 2676 1106 2728 πυρὶ
1135 2677 1241 2732 δαῖῳ
1271 2674 1433 2719 maluit.
1490 2675 1632 2731 itaque
1661 2688 1740 2718 nec
1768 2674 1984 2729 buius-nec
2012 2674 2252 2727 ἁπτόμενον
2280 2674 2525 2719 mutandum

94 2761 188 2792 cum
220 2744 386 2788 Prienio
416 2743 489 2798 qui
520 2741 684 2785 scholio
714 2740 924 2784 Mediceo:
967 2755 1030 2793 γρ.
1073 2743 1385 2794 τυφόμενον,
1431 2741 1526 2784 οἷον
1569 2741 1793 2792 καιόμενον
1835 2742 2022 2796 πολεμίῳ
2064 2742 2164 2793 πυρί
2207 2741 2397 2785 fraudem
2441 2741 2526 2785 sibi

92 2813 184 2858 fieri
214 2825 369 2867 passus
400 2816 476 2854 est.

309 3023 342 3066 *)
366 3020 673 3058 Violentissimam
696 3020 789 3056 hanc
812 3019 1020 3057 divisionem
1045 3022 1153 3058 etiam
1176 3020 1322 3057 Peleius
1346 3020 1384 3056 in
1409 3019 1566 3056 editione
1595 3029 1661 3055 sua
1684 3024 1826 3056 secutus
1851 3024 1921 3055 est:
1948 3030 2070 3056 verum
2089 3025 2210 3057 tamen
2233 3021 2272 3057 in
2294 3022 2526 3059 adnotatione

95 3082 183 3118 haec
207 3085 312 3117 caute
336 3079 438 3116 addit
461 3079 486 3116 l.
511 3089 543 3116 c.
567 3088 602 3124 p.
627 3078 714 3114 265:
740 3076 784 3122 ‚it
807 3077 839 3114 is
862 3077 1093 3124 remarkable,
1123 3078 1275 3115 because
1305 3087 1393 3123 very
1421 3075 1586 3121 unusual,
1616 3075 1697 3113 that
1721 3088 1744 3114 a
1767 3076 1933 3122 dialogue
1970 3076 2132 3117 between
2167 3082 2240 3115 two
2278 3078 2363 3117 here
2413 3088 2528 3118 eorre-

95 3140 227 3184 nponds
251 3144 290 3175 to
315 3139 377 3174 the
400 3137 504 3174 three
528 3146 652 3174 verses
676 3135 811 3181 spoken
837 3135 884 3180 by
908 3134 1074 3173 Eteocles
1098 3136 1135 3172 in
1158 3137 1222 3173 the
1244 3133 1415 3181 strophe:

287 3207 339 3251 **)
364 3207 420 3243 Of.
444 3206 621 3243 Addenda
645 3210 683 3242 et
708 3204 921 3250 corrigenda
943 3205 989 3241 ad
1013 3205 1184 3252 Aeschyli
1208 3205 1339 3242 Persas
1363 3215 1398 3250 p.
1425 3206 1505 3241 129.
