2636 3572
1303 128 1329 168 7

112 255 294 318 fastigiis
338 261 626 316 disponebant.
685 260 783 302 hinc
826 259 944 313 quasi
982 273 1008 300 a
1041 258 1157 300 fonte
1200 264 1243 301 et
1284 257 1488 313 principio
1533 256 1763 310 repetenda
1805 261 1869 298 cst
1911 257 2177 311 symmetrica
2210 256 2285 298 illa
2313 269 2422 311 quae
2449 270 2528 311 per

113 329 313 385 Aeschyli
357 341 503 371 versus
547 326 708 369 obtinet
749 325 867 380 ratio,
907 338 1015 379 quae
1047 338 1129 367 non
1160 325 1419 367 extrinsecus
1448 322 1597 367 addita
1626 321 1704 364 sed
1733 338 1825 366 cum
1856 330 2007 380 poetae
2035 324 2202 377 ingenio
2231 331 2273 366 et
2302 322 2528 377 disciplina

113 395 348 438 arctissime
392 393 615 437 coniuncta
653 397 730 435 est.
789 391 932 447 itaque
976 395 1250 447 systematum
1287 395 1329 434 et
1363 389 1629 446 periodorum
1660 388 1887 434 divisiones
1915 404 2021 446 quas
2048 390 2091 433 iu
2121 390 2201 433 hac
2229 389 2413 434 editione
2442 389 2527 433 feci

112 462 327 514 literisque
370 460 616 502 maiusculis
658 460 782 501 rectis
827 464 870 500 et
911 458 1062 500 leviter
1102 458 1314 500 inclinatis
1355 458 1531 510 notavi,-
1554 469 1607 498 ne
1647 470 1721 511 pro
1752 470 1796 498 re
1825 457 2054 499 leviuscula
2081 457 2309 499 molestovc
2354 457 2525 498 invento

114 527 287 571 habeas.
340 527 467 569 imino
497 526 564 569 his
592 524 870 569 divisionibus
898 523 1134 580 perspectis
1163 537 1379 567 scenarum
1409 523 1629 580 dispositio
1659 537 1896 567 sermonum
1926 524 2071 566 relatio
2102 524 2332 566 orationum
2361 523 2525 565 articuli

114 599 266 649 poeta-e
295 592 339 635 in
367 593 495 635 rebus
523 596 566 634 et
596 590 788 646 cogitatis
817 590 1070 633 adornandis
1100 589 1276 633 consilia
1301 590 1629 645 perspiciuntur:
1659 590 1784 633 simul
1813 596 1856 632 et
1884 590 1938 632 de
1967 595 2150 652 actorum
2180 589 2224 631 in
2253 602 2382 632 scena
2400 596 2525 643 gestu

113 658 452 714 pronuntiatione
481 657 658 701 silentiis
689 656 950 699 coniecturas
978 656 1120 699 facere
1149 656 1246 698 licet
1274 656 1536 711 probabiles.’
1593 661 1720 711 atque
1754 656 1861 699 haec
1896 656 2037 699 omnia
2079 656 2359 710 quammmvis
2402 655 2525 698 docte

113 725 330 778 ingeniose
360 725 528 779 egregie
557 729 598 765 et
627 735 726 765 vere
755 737 782 764 a
810 723 961 765 Weilio
991 722 1207 777 disputata
1234 722 1329 775 sint,
1358 727 1497 764 tamen
1533 722 1630 774 quis
1665 722 1800 765 nescit
1837 728 1938 775 quot
1966 728 2008 764 et
2036 726 2214 775 quantas
2243 722 2524 764 dubitationes

114 791 221 834 haee
248 791 343 846 ipsa
374 788 685 846 compositionis
720 788 989 832 antitheticae
1023 787 1291 842 investigatio
1327 788 1480 832 habeat
1516 798 1558 832 et
1598 803 1723 842 quarn
1752 803 1873 832 acres
1903 789 2192 831 contentiones
2220 793 2263 830 et
2291 794 2526 830 controver-

113 856 200 900 sias
221 855 274 899 de
293 860 408 900 reete
428 853 732 899 constituendis
750 853 1107 909 probabiliterque
1136 852 1390 898 adornandis
1418 854 1679 910 singulorum
1708 866 1944 899 sermonum
1975 853 2271 909 systematis
2300 851 2526 908 periodis

114 923 405 964 articulisve
431 923 542 963 inter
564 921 708 977 ipsum
738 921 983 979 Weilium*)
1013 928 1054 962 et
1083 921 1365 977 Keckium**)
1394 922 1488 963 olim
1520 920 1795 963 excitaverit?
1825 927 1867 963 et
1896 920 2086 963 Keckius
2113 920 2283 975 quidem
2302 919 2529 975 prudenter

114 995 199 1030 tuni
243 989 457 1031 monuisse
492 988 591 1030 mihi
627 988 793 1029 videtur
828 988 1061 1031 cavendum
1092 1001 1200 1039 esse,
1230 1002 1284 1029 ne
1313 988 1449 1029 vivam
1478 989 1773 1040 vigentemque
1802 988 2003 1041 Aeschyli
2032 988 2180 1041 poesin
2210 987 2334 1028 nimis
2364 986 2529 1027 exiliter

113 1054 169 1098 ad
198 1054 382 1098 calculos
411 1052 601 1098 vocando
626 1052 778 1097 misere
805 1052 1081 1097 dilaceremus
1099 1051 1284 1108 artisque
1304 1053 1566 1110 Aeschyleae
1586 1052 1939 1109 magnificentiam
1968 1052 2013 1096 iii
2031 1052 2137 1096 meri
2156 1050 2320 1096 artificii
2339 1049 2529 1095 ieiunita—

113 1128 197 1163 tem
227 1127 451 1163 vertamus.
509 1121 662 1162 etenim
691 1121 758 1176 (ut
787 1121 856 1161 hic
883 1125 1071 1175 repetam
1102 1120 1215 1174 quod
1244 1120 1342 1162 alibi
1370 1122 1450 1163 iam
1480 1121 1671 1177 dixiflff)
1706 1121 1920 1176 sapienter
1941 1127 2069 1176 poeta
2090 1119 2271 1166 instituit
2293 1118 2407 1173 quod
2429 1118 2529 1160 lon·

115 1187 260 1240 giora
289 1194 570 1241 systemata
599 1201 682 1240 quo
711 1188 879 1229 facilius
909 1187 1180 1241 symmetrica
1208 1201 1347 1229 eorum
1377 1188 1624 1242 compositio
1653 1188 1813 1242 percipi
1844 1189 2015 1229 auribus
2043 1193 2199 1242 posset,
2219 1187 2265 1227 in
2283 1185 2530 1238 aequabiles

115 1252 353 1310 periodos
383 1253 545 1297 divisit:
574 1254 653 1297 has
681 1258 822 1296 tamen
851 1264 996 1296 rursus
1024 1252 1069 1294 in
1098 1264 1303 1308 congruos
1331 1257 1373 1295 et
1400 1252 1455 1296 ad
1484 1254 1686 1298 amussim
1716 1260 1972 1308 exaequatos
2001 1252 2249 1296 articulos
2287 1250 2529 1295 traiectione

115 1333 307 1363 versuum
329 1327 402 1363 aut
420 1320 503 1363 alio
524 1321 706 1375 quodam
726 1320 899 1363 artifieio
921 1320 1076 1374 ubique
1096 1319 1283 1362 dividere
1303 1321 1444 1364 nescio
1464 1334 1518 1363 an
1538 1320 1697 1364 inutilis
1717 1324 1759 1363 et
1778 1320 1919 1363 irritus
1935 1320 2055 1363 labor
2069 1319 2196 1362 fuerit
2212 1332 2337 1372 quem
2353 1318 2407 1360 W
2408 1318 2530 1360 cilius

58 1440 62 1444 ,
115 1386 271 1429 frustra
299 1387 483 1442 suscepit
510 1387 579 1429 vel
608 1387 799 1430 minimas
828 1386 1092 1442 periodorum
1123 1386 1347 1441 particulas
1372 1387 1610 1447 artificiosis
1629 1387 1817 1430 formulis
1837 1400 1890 1429 ac
1909 1386 2092 1432 numeris
2111 1386 2200 1429 suis
2218 1386 2341 1441 quasi
2360 1386 2531 1440 quibus-

116 1454 214 1495 dam
258 1454 531 1508 compagibus
576 1458 873 1508 coagmentans
917 1466 1051 1506 eoque
1093 1453 1186 1508 ipse
1228 1452 1391 1507 insigne
1433 1454 1672 1509 exemplum
1714 1454 1910 1508 praebuit
1946 1466 2072 1508 quam
2107 1452 2291 1507 proclive
2321 1453 2374 1494 sit
2404 1453 2530 1494 etiam

116 1520 238 1564 abuti
264 1526 349 1563 tam
379 1520 597 1576 praeclaro
626 1520 810 1565 invento.

318 1586 436 1638 Quae
480 1599 605 1641 quum
650 1587 711 1629 ita
754 1587 847 1640 sint,
892 1600 1013 1630 nemo
1058 1586 1204 1642 opinor
1245 1586 1323 1629 erit
1365 1587 1460 1641 quin
1505 1586 1619 1642 quod
1655 1587 1796 1630 statim
1830 1586 1949 1629 initio
1978 1586 2174 1639 diximus,
2204 1587 2382 1629 libenter
2412 1585 2532 1628 nobis

117 1652 320 1695 concedat
351 1653 478 1695 crisin
507 1652 785 1708 Aescliyleam
817 1653 1054 1707 singulares
1084 1651 1286 1705 quasdam
1321 1652 1598 1696 dubitationes
1634 1653 1934 1707 cautionesque
1963 1666 2062 1696 suas
2091 1654 2262 1706 habere,
2294 1653 2329 1695 si
2361 1652 2531 1706 quidem

115 1719 216 1761 tria
242 1719 317 1761 illa
346 1732 452 1773 quae
495 1717 620 1761 modo
664 1720 1008 1774 pertractavimus
1051 1719 1153 1761 artis
1196 1718 1363 1762 criticae
1397 1719 1588 1762 subsidia
1621 1733 1770 1774 parum
1807 1725 1921 1762 certo
1951 1734 2002 1762 ac-
2032 1726 2123 1762 tuto
2151 1719 2424 1761 fundamento
2453 1719 2530 1760 iiiti

116 1798 144 1827 a
172 1785 293 1827 uobis
322 1784 648 1828 demonstratum
679 1789 757 1827 est.
815 1783 918 1839 quid
946 1784 1074 1839 igitur
1102 1798 1258 1839 quaeso
1296 1784 1339 1826 in
1383 1784 1510 1828 tantis
1552 1785 1759 1841 angust-iis
1779 1825 1782 1828 Α
1801 1791 2002 1839 tantaque
2045 1785 2316 1841 supellectilis
2359 1785 2530 1828 criticae

115 1851 317 1894 tenuitate
347 1857 390 1895 et
417 1864 549 1907 prope
578 1851 754 1894 dixerim
784 1850 1078 1906 desperatione
1107 1851 1228 1894 nobis
1258 1851 1524 1894 faciendum?
1567 1857 1641 1894 aut
1683 1851 1867 1896 fallimur
1908 1859 1981 1895 aut
2024 1852 2128 1894 nihil
2172 1858 2283 1895 certe
2322 1852 2530 1907 reliquum

116 1932 242 1974 quam
269 1925 316 1960 ut
342 1918 385 1959 in
413 1917 678 1973 persanando
705 1917 918 1973 Aeschylo
946 1917 1029 1972 ipsi
1059 1919 1158 1972 quid
1186 1919 1295 1961 vires
1337 1918 1509 1972 possint,
1555 1918 1800 1961 coniciendo
1845 1925 1888 1962 et
1931 1919 2169 1971 divinando,
2212 1919 2455 1972 quantulum
2485 1918 2531 1961 id

118 1998 294 2039 cumque
323 1989 400 2038 est,
429 1983 572 2026 nescio
603 1997 688 2037 qua
717 1983 846 2033 animi
873 1983 1114 2039 pervicacia.
1143 1984 1405 2039 experiamur
1432 1991 1558 2037 atque
1577 1985 1686 2027 adeo
1706 1986 1988 2040 periclitemur
2007 1985 2324 2039 episodiumque
2344 1991 2531 2028 nostrum

117 2063 201 2093 non
230 2063 312 2094 uno
342 2050 509 2093 nomine
536 2049 805 2094 memorabile
834 2049 890 2093 ad
919 2055 1051 2093 artem
1082 2055 1124 2093 et
1152 2050 1399 2106 elegantiam
1429 2050 1462 2093 si
1492 2050 1600 2094 forte
1631 2051 1910 2107 Aeschyleam
1940 2051 2119 2107 impigro
2148 2050 2293 2094 labore
2329 2063 2530 2094 revocare

117 2117 360 2161 studeamus
403 2117 513 2160 haud
557 2130 660 2161 sane
703 2117 965 2160 immemores
1008 2130 1149 2161 eorum
1193 2130 1300 2173 quae
1344 2117 1396 2161 de
1438 2110 1674 2161 factitanda
1716 2117 1813 2161 crisi
1856 2117 2097 2173 Aescliylea
2124 2117 2341 2173 praeclare
2372 2116 2532 2159 monuit

117 2182 429 2236 Keckius****)
445 2206 499 2213 —
514 2183 597 2226 nisi
615 2182 728 2236 quod
746 2188 808 2225 tot
826 2183 931 2225 locis
950 2182 1190 2237 depravatis
1210 2196 1261 2225 ac
1287 2183 1518 2237 desperatis
1544 2196 1688 2237 parem
1717 2185 1785 2225 vel
1815 2185 1991 2226 similem
2019 2185 2218 2234 μαντικήν
2245 2188 2287 2225 et
2313 2183 2531 2233 εὐετοχίαν

119 2249 285 2303 qualem
314 2248 384 2291 hic
412 2248 579 2292 criticus
606 2249 648 2291 in
678 2251 991 2303 Agamemnone
1022 2263 1099 2292 suo
1127 2249 1345 2304 praestitit,
1373 2262 1499 2292 nemo*
1523 2265 1551 2292 a
1579 2250 1701 2293 nobis
1730 2258 1961 2305 exspectet.
1995 2276 2047 2282 —

329 2360 362 2404 *)
387 2361 442 2396 cf.
467 2361 612 2397 annales
647 2361 768 2406 philol.
805 2360 1028 2396 Fleckeiseni
1063 2361 1132 2396 vol.
1170 2361 1332 2396 LXXIX
1366 2373 1400 2405 p.
1437 2363 1504 2396 721
1541 2373 1629 2405 sqq„
1663 2366 1742 2396 tum
1773 2363 1842 2397 vol.
1866 2362 2073 2397 LXXXIII
2096 2373 2132 2406 p.
2156 2364 2226 2397 377
2251 2372 2327 2406 sqq.
2352 2361 2397 2397 cf.
2424 2361 2534 2397 etiam

118 2418 367 2455 commentatio
404 2418 560 2455 eiusdem
595 2418 734 2455 Weilii:
775 2419 817 2455 la
852 2418 1139 2463 composition
1177 2419 1439 2464 symetrique
1474 2419 1527 2455 du
1562 2419 1768 2464 dialogus
1804 2419 1909 2456 daris
1938 2420 2002 2456 les
2025 2417 2308 2463 tragedies'd'
2335 2419 2534 2463 Eschyle.

119 2476 255 2512 Paris.
305 2477 425 2512 1860.

328 2543 381 2586 **)
406 2544 461 2580 Cf.
486 2545 631 2580 annales
655 2544 775 2588 philol.
801 2544 958 2580 eiusdem
982 2544 1203 2580 Fleckeiseni
1227 2546 1296 2581 vol.
1320 2545 1483 2581 LXXXI
1506 2556 1541 2589 p.
1566 2547 1639 2582 809
1662 2556 1738 2589 sqq.
1765 2550 1803 2581 et
1827 2547 1898 2581 vol.
1923 2546 2147 2580 LXXXVII
2171 2556 2205 2590 p.
2233 2548 2300 2581 153
2318 2556 2394 2590 sqq.
2462 2598 2465 2601 Ι

328 2612 401 2658 ***)
424 2613 496 2650 Per
519 2612 820 2658 opportunitatem
844 2612 1090 2649 scholasticam
1113 2614 1289 2659 gymnasii
1312 2614 1512 2651 Conicensis
1536 2614 1574 2650 in
1596 2624 1715 2659 progr.
1740 2626 1773 2651 a.
1799 2617 1905 2651 1862.

329 2681 421 2726 m)
444 2682 686 2726 Aeschylos
702 2682 1004 2727 Agamemnon.
1022 2681 1287 2719 Griecbisch
1301 2682 1384 2718 und
1399 2682 1592 2718 Deutsch
1617 2683 1695 2719 mit
1716 2679 1997 2729 Einleitung‚
2013 2684 2135 2721 einer
2151 2683 2445 2728 Abhandlung
2460 2692 2537 2718 zur

117 2739 466 2784 Aeschylischen
480 2740 635 2776 Kritik
650 2739 735 2775 und
750 2739 1031 2776 commentar.
1056 2740 1151 2776 Von
1165 2740 1274 2777 Karl
1289 2740 1500 2777 Heinrich
1514 2740 1647 2778 Keclr.
1664 2740 1853 2786 Leipzig
1870 2743 1991 2779 1863.
2008 2753 2043 2786 p.
2059 2744 2153 2780 207.
2188 2742 2258 2779 Die
2274 2740 2536 2786 vorzuglichsoe

117 2797 230 2833 Hulfe
260 2807 325 2832 zur
351 2797 512 2841 Heilung
539 2797 603 2833 der
628 2796 791 2834 Schsden
817 2797 867 2833 ist
893 2807 959 2834 aus
985 2797 1066 2833 deni
1092 2797 1245 2834 Dichter
1266 2797 1376 2833 selbst
1390 2808 1436 2833 zu
1450 2797 1639 2842 gewinneu
1656 2798 1879 2842 (demnitclist
1895 2810 1959 2834 aus
1974 2799 2122 2844 Pinum,
2137 2800 2335 2845 Sopbokles
2351 2799 2424 2834 und
2440 2799 2522 2835 deni

117 2853 262 2900 ienigeu
277 2858 382 2890 miter
398 2854 466 2891 den
482 2865 648 2899 uenerem
663 2855 727 2891 der
742 2854 814 2891 ihm
830 2855 894 2892 der
909 2854 1151 2899 congenialste
1167 2855 1227 2906 ist,
1242 2854 1510 2904 Shskespeare).
1547 2856 1654 2892 Aucli
1669 2857 1747 2893 bier
1761 2857 1833 2901 gilt
1849 2868 1888 2893 es
1904 2868 1970 2893 vor
1985 2858 2091 2894 tillem
2115 2858 2191 2893 sicli
2207 2858 2245 2892 iri
2261 2858 2323 2893 des
2338 2857 2537 2901 Aeschylos

117 2911 327 2956 Ideengang
349 2921 395 2947 zu
419 2911 595 2948 vertiefen
616 2911 690 2948 und
713 2922 777 2948 aus
801 2911 864 2948 der
886 2911 998 2949 Seele·
1013 2911 1075 2948 des
1098 2916 1238 2958 ganzen
1259 2912 1517 2949 Kunstwerkes
1545 2912 1674 2950 heraus
1709 2913 1778 2950 den
1814 2913 1998 2952 einzelnen
2033 2914 2196 2952 Schaderi
2235 2913 2461 2961 reprodnctiv
2490 2923 2537 2950 zu

119 2970 277 3005 bessem:
318 2970 603 3014 berficksiclitigt
635 2982 718 3006 mari
753 2970 857 3005 dabei
893 2970 1085 3014 sorgrsltig
1118 2971 1240 3006 seinen
1274 2971 1549 3036 Sprachsehatg·
1572 2972 1670 3007 seine
1706 2973 2007 3016 eigentsimlichen
2042 2973 2367 3015 Redewendungen
2390 2972 2475 3013 (vie
2498 2982 2538 3007 er

118 3036 151 3063 z.
175 3026 218 3064 Β.
242 3026 311 3064 den
333 3026 592 3078 exclamativen
614 3026 778 3075 Infinitiv
800 3026 900 3074 liebt,
923 3026 999 3074 vgl.
1021 3036 1067 3065 zu
1090 3037 1125 3065 v,
1147 3027 1230 3074 427,
1253 3028 1334 3074 653,
1358 3026 1476 3073 1222),
1499 3026 1598 3066 scine
1632 3027 1825 3076 religiom
1860 3029 2151 3077 Anschanungen
2180 3031 2228 3074 (ι
2252 3029 2296 3067 Β.
2320 3028 2379 3068 die
2401 3028 2536 3068 Identi-

118 3084 289 3128 fieierung
312 3095 384 3120 von
404 3085 531 3121 Helios
553 3086 627 3121 und
650 3086 806 3130 Aponon
828 3096 863 3121 v.
890 3085 1008 3129 1282),
1030 3085 1108 3121 seiri
1119 3084 1282 3122 Streben
1305 3086 1396 3122 nach
1416 3085 1587 3134 volliger'ii
1602 3082 1800 3132 Ebenn'iess
1815 3089 1880 3124 der
1894 3088 2341 3134 Interpunctionspeusen
2329 3098 2368 3123 iii
2383 3087 2538 3133 strophe

119 3141 191 3178 und
225 3140 508 3188 Gegensuepha
541 3153 581 3179 so
615 3140 706 3180 vird
740 3153 780 3180 es
814 3141 915 3180 nieht
948 3144 1065 3181 seiten
1097 3134 1268 3188 gei'ingm
1301 3142 1372 3180 «len
1405 3143 1569 3180 Seliaderi
1603 3157 1643 3181 so
1673 3157 1720 3182 zu
1742 3147 1872 3191 heileri,
1896 3148 1978 3183 dass
2001 3148 2060 3183 die
2083 3146 2452 3190 Wiederherstellnng
2474 3146 2538 3183 des

119 3193 412 3246 urspriinglichen
434 3200 567 3238 Textes
586 3200 706 3247 jedern
727 3201 1059 3247 geschrnackvollen
1081 3200 1243 3239 Kenner
1252 3200 1409 3247 sogleicli
1432 3200 1660 3240 einleuclitet.
1755 3221 1758 3223 -
