2636 3572
1298 157 1354 199 24

663 290 1022 402 Epitome
1080 289 1322 379 huius
1381 289 1961 402 disputationis,

309 534 459 577 Restat
487 541 532 576 ut
562 549 766 578 summam
798 537 888 579 sive
919 537 1126 590 epitomen
1155 534 1450 591 disputationis
1480 539 1648 584 nostrae
1677 548 1787 578 nunc
1823 534 1941 577 brevi
1976 534 2021 576 in
2051 538 2276 589 conspectu
2305 547 2523 592 ponamus.

104 605 169 644 est
199 612 298 644 veno
328 600 452 645 haec:
676 611 679 614 ·

337 668 368 709 1.
427 668 693 712 Prooemio
723 670 861 724 agitur
889 669 943 712 de
973 673 1084 711 recte
1110 668 1387 711 aestimandis
1408 668 1606 711 subsidiis
1636 668 1791 710 criticis
1819 667 2126 710 emendationis
2145 667 2406 722 Aeschyleae
2425 668 2465 711 h.
2486 682 2524 711 e.

103 733 159 776 de
189 732 335 776 codice
364 733 570 788 Mediceo,
601 739 689 778 tum
720 735 774 778 de
804 735 974 779 scholiis
1003 734 1217 787 Mediceis,
1249 734 1431 788 denique
1461 733 1514 777 de
1545 734 1845 790 compositione
1874 733 2134 777 antithetica.

323 801 378 843 11.
436 801 586 857 Capite
618 804 771 857 primo
801 802 1045 858 proponitur
1072 799 1193 856 primi
1223 800 1402 856 episodii
1432 800 1544 855 quod
1564 801 1691 844 estin
1716 800 1917 856 Aeschyli
1935 799 2109 856 Septem
2127 799 2331 845 adversus
2351 799 2523 844 Thebas

103 866 297 910 recensio
328 867 495 923 qualem
526 867 759 910 Godofredi
789 868 1017 910 Hermanni
1047 866 1177 910 editio
1207 867 1393 910 exhibet.

308 935 386 977 111.
436 935 587 989 Capite
631 934 854 977 secundo
898 933 1133 977 ostenditur
1176 933 1280 987 quid
1323 934 1527 988 reliquum
1556 933 1713 976 sactum
1743 932 1799 976 sit
1833 933 1875 976 in
1912 932 2175 976 emendando
2212 932 2401 989 episodio
2429 937 2524 989 post

104 999 342 1043 Godofredi
371 1000 599 1044 Hermanni
629 999 1089 1054 recentissimorumque
1126 998 1362 1042 criticorum
1398 998 1527 1042 veluti
1556 999 1759 1042 Dindorfii
1788 1000 1931 1043 Weilii
1957 1000 2112 1044 Keckii
2141 999 2362 1043 Bitschelii
2389 999 2524 1043 Paleii

101 1065 280 1109 aliorum
310 1079 434 1110 curas
461 1065 722 1121 Aeschyleas
750 1078 801 1108 ac
829 1069 1121 1121 proponuntur
1148 1078 1287 1109 novae
1316 1065 1632 1110 emendationes
1659 1078 1852 1111 versuum
1880 1066 1965 1110 XX
1995 1072 2037 1110 et
2064 1066 2188 1123 quod¹
2206 1069 2410 1122 superest.

309 1132 378 1175 lv.
437 1132 587 1190 Capite
616 1132 769 1175 tertio
799 1131 938 1185 agitur
967 1131 1021 1173 de
1052 1131 1353 1186 compositione
1383 1132 1564 1186 episodii
1593 1132 1841 1175 antithetica
1867 1146 2061 1186 novaque
2086 1146 2284 1174 versuum
2303 1132 2522 1187 discriptio

103 1213 130 1241 a
160 1200 341 1242 formula
368 1200 507 1241 Weilii
537 1200 777 1252 Keckiique
808 1199 1055 1253 discrepans
1085 1198 1412 1241 commendatur.

320 1265 370 1307 V.
428 1265 578 1320 Capite
607 1269 786 1320 quarto
815 1264 1063 1321 proponitur
1089 1268 1230 1308 textus
1260 1278 1396 1308 novae
1426 1264 1608 1321 episodii
1639 1265 1906 1311 recensionis.
1964 1265 2171 1310 accedunt
2200 1265 2378 1310 aliorum
2412 1264 2522 1309 criti-

105 1343 245 1376 corum
272 1330 586 1374 emendationes
615 1330 767 1386 ,tacite'
797 1343 824 1372 a
853 1330 977 1373 nobis
1005 1330 1050 1371 in
1077 1334 1236 1372 textum
1264 1336 1475 1387 receptae.

305 1399 376 1440 Vl.
434 1397 584 1453 Capite
614 1398 792 1451 quinto
822 1411 1012 1441 seorsum
1040 1397 1177 1452 agitur
1211 1397 1265 1439 de
1308 1397 1465 1440 codicis
1510 1398 1688 1442 Medicei
1731 1398 2065 1453 scholiorumque
2111 1396 2396 1442 Mediceorum
2438 1397 2522 1441 fide

105 1471 145 1508 et
175 1479 251 1508 usu
281 1471 489 1519 quatenus
518 1464 574 1507 ad
605 1463 913 1507 emendandum
943 1463 1178 1520 episodium
1208 1468 1452 1519 spectat.—

897 2564 1203 2620 Addenda
1241 2567 1304 2620 et
1342 2567 1723 2636 corrigenda.

506 2665 589 2702 pag.
614 2657 637 2691 5
663 2666 697 2691 v.
725 2655 768 2692 19
816 2666 879 2701 pro
918 2656 1170 2694 Aristarchi
1210 2657 1456 2704 discipulus
1494 2660 1578 2704 lege
1617 2660 1881 2706 disciplinae
1927 2662 2121 2700 Aristar-

814 2714 946 2751 cheae
969 2715 1094 2759 quasi
1117 2716 1315 2752 alumnus
1339 2716 1620 2763 eiusdemque
1642 2723 1922 2765 propagator.

505 2770 636 2808 ibidem
660 2782 696 2808 v.
720 2772 768 2808 34
813 2775 896 2817 post
918 2775 1021 2817 puto
1044 2782 1135 2817 pone
1159 2783 1329 2810 comma.

503 2838 587 2874 pag.
612 2830 636 2865 8
660 2839 695 2866 v.
719 2830 790 2866 215
813 2839 878 2874 pro
904 2828 971 2866 115
995 2839 1085 2874 pone
1107 2830 1188 2867 215.

504 2896 586 2933 pag.
614 2885 658 2923 15
814 2886 1116 2924 commemoranda
1138 2891 1236 2924 certe
1260 2892 1340 2925 erat
1362 2888 1488 2926 Weilii
1512 2890 1719 2927 coniectura
1741 2900 1776 2927 v.
1800 2892 1871 2928 256
1893 2901 1958 2938 pro
1994 2896 2122 2946 Αιρης

810 2960 848 2984 τι
875 2950 1008 2995 πηγαῖς
1045 2947 1275 2990 proponentis
1310 2949 1422 2998 ναρᾶς
1462 2964 1498 2987 τι
1538 2952 1668 2999 Δίρκης
1702 2949 1912 2995 indagatum
1949 2950 2038 2988 illud
2076 2962 2121 2988 ex

810 2999 941 3039 Photio
971 2999 1032 3048 qui
1059 3001 1151 3041 hmo
1179 3001 1337 3050 glomum
1373 3001 1497 3041 habet:
1536 3006 1647 3057 ναρᾶς
1686 3020 1724 3047 τε
1758 3008 1897 3061 Am·
1935 3011 2119 3062 must,

809 3059 994 3107 Αἰσιῦλος.
1040 3061 1148 3105 (trag.
1170 3063 1242 3097 409
1265 3061 1332 3103 Η).

503 3127 585 3162 pag.
611 3118 657 3154 18
680 3127 715 3154 v.
742 3115 786 3154 16
809 3120 895 3154 ante
918 3116 1065 3156 verbum
1087 3117 1295 3166 usurpari
1319 3116 1509 3158 inserenda
1532 3116 1659 3157 vocula
1682 3116 1760 3158 hic.

502 3173 632 3211 ibidem
680 3184 715 3211 v.
739 3175 786 3211 37
808 3184 873 3220 pro
897 3176 1195 3213 recensonemi
1218 3176 1303 3221 lege
1325 3176 1634 3212 recensionem.
