2636 3572
1259 101 1310 143 16

71 234 217 283 ἁγνοῖς
246 233 404 284 δόμοις.
436 232 511 275 sed
540 232 765 284 διόρθωςιν
794 233 1030 276 absolutam
1060 245 1154 275 esse
1183 233 1255 275 vix
1285 231 1543 275 crediderim.
1572 230 1723 273 etenim
1754 244 1834 273 nec
1852 244 1879 273 a
1897 231 2171 281 ταύτολογίας
2191 232 2292 275 vitio
2311 232 2487 276 liberum

71 305 136 341 est
165 301 249 350 πρὸ
278 302 395 340 ναῶν
421 323 479 329 -
507 299 652 347 ἁγνοῖς
682 300 830 350 δόμοις
860 313 937 340 nec
980 299 1207 341 offensione
1253 304 1368 340 caret
1410 298 1543 339 altera
1585 310 1720 350 eaque
1765 298 1892 339 etiam
1935 298 2146 342 molestior
2189 299 2486 341 vocabulorum

70 365 182 408 idem
211 364 538 419 significantium
553 365 674 419 quasi
704 366 985 410 coacervatio:
1014 367 1205 417 τροπαῖα,
1235 365 1448 416 πολεμίων
1477 364 1689 414 ἑςθήματα
1718 363 1850 418 (quod
1878 364 1986 407 adeo
2016 364 2143 418 paulo
2172 370 2267 420 post
2296 365 2486 420 iteratur)

72 437 113 474 et
142 432 315 483 λάφυρα
344 432 485 474 δαΐων.
516 432 770 485 omninoque
799 437 909 475 totus
937 432 1010 474 ille
1039 444 1184 475 versus
1214 431 1285 485 qui
1315 431 1358 473 in
1387 431 1475 473 solo
1511 430 1602 473 cod.
1638 430 1749 473 Med.
1786 435 1829 473 et
1856 431 1951 473 Par.
1981 431 2016 473 B
2045 436 2199 475 exstat:
2230 433 2373 485 ςτέψω
2401 432 2486 485 πρὸ

68 501 185 539 ναῶν
212 499 426 548 πολεμίων
452 500 669 549 ,ἐςθήματα
701 499 761 553 (in
790 500 885 540 Par.
916 500 953 539 A
983 504 1024 539 et
1052 499 1094 539 in
1123 498 1235 551 Lips.
1266 504 1425 540 tantum
1454 497 1598 551 priora
1624 496 1722 538 tria
1749 497 1881 539 verba
1905 498 2116 551 leguntur)
2136 511 2163 538 a
2182 498 2486 554 glossographo

72 565 214 607 nescio
244 578 327 619 quo
356 564 412 607 ad
443 564 699 620 explicanda
727 565 858 607 verba
888 567 1057 616 θήςειν
1084 566 1267 615 τροπαῖα
1293 563 1396 606 mihi
1423 561 1591 605 videtur
1619 574 1717 606 esse
1746 562 1931 607 additus.
1976 564 2077 618 quid
2093 564 2263 607 multa?
2296 579 2350 607 ex
2369 570 2487 609 tanta

70 636 242 683 tamque
271 632 526 673 intolerabili
555 632 853 684 glossematum
884 632 1093 685 farragine
1122 631 1190 671 vix
1221 630 1442 683 quicquam
1473 630 1587 671 aliud
1618 629 1731 681 quod
1760 630 1973 684 Aeschylo
2009 630 2181 684 dignum
2212 631 2281 684 sit,
2312 633 2488 686 emergit

71 711 196 751 quam
227 711 333 739 unus
363 698 596 741 versiculus
628 699 746 741 cuius
776 698 998 751 genuinam
1029 696 1211 751 speciem
1242 697 1377 739 ascita
1421 696 1593 739 Porsoni
1639 696 1880 739 coniectura
1909 697 1983 750 (ad
2014 696 2225 750 Euripidis
2254 698 2355 740 Hec.
2385 699 2486 751 482)

72 763 321 816 δουρίληφθ’
354 778 430 819 pro
459 765 635 819 vulgata
664 764 855 807 codicum
886 763 1089 819 scriptura
1118 763 1386 815 δουρίπληχθ’
1417 762 1542 804 talem
1561 761 1701 805 *fuisse
1732 762 1941 806 existimo:
1971 764 2112 815 θήςειν
2140 766 2323 815 τροπαῖα
2348 764 2488 815 δουρί-

71 829 196 881 ληφθ’
229 830 375 879 ἁγνοῖς
406 831 565 881 δόμοις.
598 832 738 881 θήςειν
767 833 948 881 τροπαῖα
977 844 1057 871 non
1089 835 1151 870 est
1179 829 1335 871 dictum
1365 834 1428 873 (ut
1463 828 1589 882 vulgo
1632 828 1857 883 opinantur
1898 830 2163 884 interpretes)
2206 843 2282 885 pro
2325 831 2487 881 ςτήςειν

72 899 255 946 τροπαῖα
285 897 399 950 quod
428 911 577 951 parum
609 897 833 949 quadraret
862 897 905 937 in
935 896 1295 938 sacrificantes
1339 896 1442 950 (258
1478 896 1664 945 μήλοιςιν
1693 896 1999 951 αἱμάςςοντας),
2031 896 2108 938 sed
2138 896 2344 949 significat
2372 896 2486 938 idem

70 968 198 1015 atque
229 962 469 1006 ἀνατιθέναι
499 963 613 1018 quod
643 963 768 1006 etiam
799 962 1023 1006 scholiasta
1052 960 1266 1005 Mediceus
1297 962 1426 1004 habet
1455 961 1560 1017 (260
1589 961 1859 1013 ἐςθήμαςιν
1890 962 2007 1014 ἐςθή
2018 976 2142 1013 ματα
2171 962 2370 1014 ἀναθήςω
2400 963 2485 1015 πρὸ

72 1033 159 1072 τῶν
187 1032 304 1072 ναῶν
333 1031 386 1072 τὰ
414 1029 609 1085 λάφυρα)
639 1030 665 1072 i.
697 1044 731 1072 e.
764 1030 1035 1085 deponere,
1065 1027 1305 1072 dedicare
1336 1034 1521 1084 tropaea.
1594 1042 1717 1082 quem
1761 1028 1928 1083 quidem
1965 1043 2120 1072 morem
2157 1028 2485 1073 dedicandorum

72 1102 340 1151 tropaeorum
369 1097 434 1138 vel
466 1097 695 1151 spoliorum
725 1095 837 1137 idem
868 1097 1097 1150 Aeschylus
1126 1095 1266 1150 tangit
1295 1097 1441 1150 Agam.
1472 1096 1555 1138 555
1584 1108 1675 1149 sqq.
1692 1150 1701 1154 p

615 1163 770 1213 Τροίαν
799 1164 966 1204 ἑλόντες
997 1164 1046 1212 δή
1077 1161 1165 1203 ποτ’
1193 1162 1396 1212 Ἀργείων
1426 1163 1574 1204 ςτόλος

617 1232 731 1273 θεοῖς
762 1229 932 1281 λάφυρα
960 1232 1088 1271 ταῦτα
1115 1230 1205 1271 τοῖς
1235 1228 1323 1272 καθ’
1356 1228 1536 1271 Ἑλλάδα

618 1297 763 1347 δόμοις
794 1296 1098 1337 ἑπαςςὰλευςαν
1126 1295 1313 1347 ἀρχαίων
1342 1296 1481 1345 γάνος.

76 1378 330 1419 quamquam
361 1364 528 1419 (verum
559 1369 605 1405 ut
633 1362 784 1417 fatear)
812 1376 886 1417 pro
916 1362 1012 1404 trita
1040 1362 1179 1417 phrasi
1224 1364 1364 1413 θήςειν
1406 1364 1590 1413 τροπαῖα
1618 1362 1802 1417 proclive
1846 1375 1948 1404 sane
1993 1371 2057 1404 est
2086 1368 2130 1405 ut
2159 1363 2486 1414 ποιητικώτερον

76 1431 260 1474 scribere
291 1430 460 1481 ςτέψειν
490 1429 663 1481 λάφυρα
693 1428 804 1481 quod
832 1428 931 1469 item
963 1430 1067 1469 bene
1096 1428 1177 1470 coit
1207 1427 1251 1469 in
1279 1442 1459 1470 versum.
1525 1441 1668 1469 verum
1712 1432 1851 1470 tamen
1893 1427 1962 1469 hic
1997 1441 2162 1482 quoque
2197 1428 2325 1471 malui
2362 1429 2485 1472 orati-

75 1510 198 1539 onem
241 1497 413 1550 planam
454 1507 506 1535 ac
549 1494 779 1549 simplicem
823 1495 988 1547 qualem
1029 1494 1167 1546 regiae
1212 1494 1395 1536 Eteoclis
1432 1494 1627 1548 dignitati
1657 1494 1793 1547 magis
1824 1494 2046 1535 convenire
2075 1500 2173 1535 ante
2204 1495 2304 1549 dixi,
2334 1500 2486 1550 poetae

74 1564 297 1606 restituere
328 1575 454 1615 quam
483 1561 703 1604 verborum
733 1575 926 1616 pompam
956 1567 996 1603 et
1024 1560 1215 1603 flosculos
1260 1560 1463 1613 quosdam
1509 1561 1662 1603 sectari
1692 1573 1797 1613 quos
1828 1560 1954 1614 pleno
1982 1573 2054 1603 ore
2078 1559 2191 1602 'fudit
2219 1561 2395 1604 Weilius
2425 1562 2487 1605 sic

75 1630 295 1685 pristinam
325 1626 528 1681 Aeschyli
557 1640 725 1669 manum
754 1627 987 1682 recuperari
1017 1640 1140 1681 posse
1171 1626 1367 1681 opinans:
1404 1626 1543 1668 θύςειν
1578 1628 1771 1678 τροπαῖα,
1808 1626 1940 1668 δαῖων
1969 1626 2001 1667 δ’
2035 1626 2247 1678 ἐςθήματα
2278 1627 2283 1683 Ι
2315 1628 2487 1680 λάφυρα

75 1698 218 1748 θήςειν
248 1693 497 1746 δουρίληφθ’
529 1693 675 1743 ἁγνοῖς
694 1689 849 1748 ,δόμοις
881 1694 886 1749 Ι
917 1694 1068 1745 ςτέφος
1097 1694 1297 1744 πρόναον·
1328 1692 1399 1735 ὧδ’
1433 1693 1659 1745 ἐπεύχομαι
1688 1695 1815 1735 θεοῖς.
1874 1692 2128 1744 Ritschelius
2155 1707 2256 1737 vero
2286 1695 2400 1749 quod
2426 1700 2486 1739 tot

73 1769 297 1817 tantasque
326 1761 407 1804 loci
438 1761 562 1804 huius
591 1760 860 1804 difficultates
889 1774 1047 1815 augens
1074 1760 1264 1803 lacunam
1297 1772 1463 1813 quoque
1490 1759 1599 1802 inter
1625 1760 1757 1803 verba
1785 1758 1938 1802 τοιαῦτ’
1969 1784 2027 1791 -
2055 1760 2236 1813 ἐπεύχου
2266 1762 2348 1806 262
2368 1762 2487 1807 inda-

71 1843 197 1885 gasse
227 1830 306 1873 sibi
335 1829 452 1870 visus
480 1832 557 1881 est,
593 1840 677 1869 non
713 1828 803 1869 sola
845 1828 1139 1881 compositione
1183 1826 1444 1880 antithetica‚
1488 1826 1542 1867 de
1585 1839 1669 1880 qua
1711 1827 1852 1869 statim
1896 1840 2033 1869 sermo
2077 1827 2167 1880 erit,
2211 1828 2486 1880 redarguitur.

71 1911 170 1941 nam
199 1896 345 1950 quidni
375 1895 564 1948 virgines
592 1895 821 1936 Thebanae
850 1894 1046 1948 precari
1081 1894 1146 1935 vel
1175 1901 1349 1948 optare
1393 1893 1585 1935 dicantur
1625 1893 1822 1934 ronuiiru‘?
1864 1893 2024 1935 scilicet
2053 1900 2098 1935 ut
2126 1894 2233 1936 haec
2260 1894 2362 1937 fiant
2391 1896 2487 1937 feli·

75 1964 262 2018 citerque
293 1960 490 2004 eveniant
519 1973 627 2014 quae
656 1960 746 2014 ipse
777 1960 969 2003 Eteocles
998 1966 1179 2013 voverat,
1210 1960 1279 2002 vel
1308 1966 1354 2002 ut
1381 1959 1514 2015 ipsius
1542 1959 1742 2015 Aeschyli
1771 1959 1912 2003 verbis
1940 1965 2035 2003 utar
2063 1961 2250 2012 μήλοιςιν
2269 1960 2487 2012 αἱμάςςον·

73 2045 147 2073 τας
193 2031 335 2080 θήςειν
363 2028 547 2078 τροπαῖα
577 2026 823 2077 δουρίληφθ’
856 2026 999 2075 ἁγνοῖς
1028 2028 1182 2077 δόμοις,
1213 2027 1248 2069 si
1278 2025 1444 2079 quidem
1474 2032 1587 2069 recte
1621 2039 1789 2068 manum
1825 2031 2008 2069 nostram
2044 2026 2143 2069 huic
2170 2026 2264 2069 loco
2293 2026 2486 2071 adhibui·

71 2110 175 2140 mus.
234 2107 379 2138 verum
410 2094 622 2136 enimvero
652 2106 778 2135 unum
809 2096 878 2147 (ne
909 2093 1007 2147 quid
1037 2093 1187 2149 celem)
1216 2098 1344 2136 restat
1373 2093 1417 2135 in
1447 2093 1511 2135 his
1540 2092 1652 2147 quod
1682 2092 1984 2135 dubitationem
2014 2105 2117 2136 saue
2145 2099 2329 2136 moveat:
2360 2094 2485 2149 friget

71 2165 182 2207 enim
210 2174 361 2215 reapse
391 2159 658 2213 participium
688 2160 958 2210 αἱμάςςοντας
989 2161 1076 2203 sine
1104 2161 1365 2203 substantivo
1394 2160 1586 2213 positum,
1630 2158 1676 2200 id
1719 2159 1831 2211 quod
1872 2158 2051 2201 Weilius
2093 2172 2258 2213 quoque
2302 2162 2485 2204 sentiens

69 2229 293 2273 molestum
322 2224 428 2268 illud
457 2226 569 2267 θεῶν
598 2224 641 2267 in
671 2225 781 2268 λεών
808 2224 1047 2268 mutandum
1089 2230 1305 2280 totumque
1347 2238 1512 2268 versum
1542 2224 1601 2268 sic
1637 2223 1905 2268 scribendum
1948 2236 2043 2268 esse
2078 2224 2261 2280 putavit:
2299 2226 2485 2278 μήλοιςιν

71 2296 348 2348 αἱμάςςοντας
394 2292 529 2333 ἑςτίας
574 2292 712 2335 λεών.
771 2304 896 2345 quam
938 2293 1207 2334 mutationem
1251 2305 1397 2333 vereor
1439 2291 1632 2345 equidem
1664 2297 1708 2331 ut
1737 2291 1930 2344 cuiquam
1959 2292 2211 2347 probaturus
2238 2292 2301 2334 sit.
2359 2294 2484 2335 aliam

69 2364 183 2404 viam
212 2363 429 2414 ingressus
459 2364 523 2401 est
550 2358 805 2401 Ritschelius
833 2360 905 2411 qui
935 2372 1016 2401 non
1045 2360 1100 2400 ad
1128 2360 1345 2401 universos
1375 2359 1617 2410 Thebanos,
1643 2357 1721 2399 sed
1749 2356 1805 2399 ad
1833 2358 1957 2400 unius
1986 2359 2172 2401 Eteoclis
2200 2359 2313 2412 regis
2343 2372 2485 2413 perso·

66 2444 164 2473 nam
195 2428 283 2471 voti
313 2426 624 2481 susceptionem
654 2425 962 2479 spoliorumque
1006 2426 1312 2469 dedicationem
1354 2424 1616 2467 referendam
1645 2437 1739 2467 esse
1768 2430 1855 2467 tum
1886 2437 1938 2467 ex
1968 2424 2167 2479 singulari
2196 2438 2369 2469 numero
2399 2439 2480 2480 quo

66 2509 167 2540 usus
196 2499 261 2539 est
290 2492 521 2538 scholiasta
549 2490 764 2534 Mediceus
793 2492 877 2535 260
904 2490 1098 2543 ἀναθήςω
1125 2516 1184 2523 -
1209 2496 1377 2547 poterat
1404 2491 1529 2533 etiam
1573 2490 1748 2533 alteram
1793 2489 2117 2546 explicationem
2147 2489 2335 2534 eiusdem
2365 2492 2484 2536 scho-

66 2565 215 2605 liastae
246 2561 405 2603 addere
435 2561 519 2602 256
548 2559 639 2600 θύω
669 2582 723 2588 -
752 2563 840 2599 tum
870 2572 922 2599 ex
950 2560 1154 2612 scriptura
1182 2559 1326 2609 ςτέψω
1355 2557 1633 2612 probabiliter
1662 2571 1764 2599 sane
1794 2557 1983 2599 coniecit.
2026 2556 2140 2610 quod
2184 2570 2311 2609 quum
2356 2560 2484 2602 etiam

66 2643 120 2673 ex
149 2628 255 2684 ipsis
285 2625 472 2670 Eteoclis
503 2624 646 2668 verbis
675 2624 761 2668 250
788 2622 955 2675 κάμῶν
1002 2623 1190 2668 ἀκούςας’
1230 2623 1459 2676 εὐγμάτων,
1505 2623 1647 2667 ἔπειτα
1691 2623 1744 2666 ςύ
1787 2624 1861 2666 κτλ
1903 2621 2172 2667 manifestum
2214 2623 2298 2678 fiat,
2342 2624 2484 2670 nescio

66 2710 120 2739 an
150 2693 482 2739 Ritschelianum
512 2692 728 2734 inventum
771 2689 981 2741 αἱμάςςων
1024 2694 1114 2746 (pro
1157 2690 1451 2745 αἱμὰςςοντας)
1498 2689 1772 2746 probandum,
1816 2688 1980 2743 reliqua
2023 2689 2150 2744 paulo
2194 2690 2394 2735 audacius
2424 2691 2484 2735 sic

66 2760 394 2860 redintegranda
421 2760 526 2802 sint:

606 2827 796 2874 μήλοιςιν
824 2824 1035 2873 αἱμὰςςων
1063 2824 1185 2867 ἄναξ
1215 2825 1446 2875 ἐξεύχομαι.

67 2892 210 2949 regiae
240 2891 352 2937 enim
381 2888 604 2948 dignitatis
633 2888 973 2934 commemoratio
1002 2889 1042 2933 in
1070 2889 1150 2935 hac
1178 2888 1371 2935 sollemni
1400 2887 1575 2933 deorum
1604 2887 1871 2933 invocatione
1899 2887 2069 2945 votique
2100 2860 2328 2946 sponsione
2356 2890 2485 2948 inpri-

64 2960 144 3002 mis
172 2963 276 3015 apta
304 2962 370 3001 est
397 2957 673 3010 similiterque
717 2956 911 2998 Eteocles
954 2956 1052 2998 item
1095 2956 1312 3011 dignitatis
1349 2967 1452 2999 suae
1483 2967 1641 2997 memor
1669 2954 1726 2997 ad
1753 2954 1941 3010 virgines
1968 2955 2198 2999 Thebanae
2225 2957 2390 3001 locutus
2419 2961 2485 3001 est

67 3029 144 3069 177
175 3027 236 3067 κεί
264 3027 320 3077 μή
349 3040 410 3067 τις
441 3025 597 3075 ἀρχῆς
627 3027 716 3074 τῆς
746 3023 866 3074 ἐμῆς
896 3023 1123 3065 ἀκούςεται.
1153 3026 1233 3066 hoc
1276 3024 1404 3077 igitur
1445 3022 1489 3063 in
1531 3023 1640 3065 votis
1679 3022 1809 3064 habet
1837 3036 1889 3063 ac
1918 3029 2061 3078 sperat
2090 3023 2285 3066 Eteocles
2313 3040 2401 3067 rex
2430 3039 2483 3068 se

63 3092 226 3148 ipsum
269 3091 656 3136 sacrificantem
700 3089 869 3145 spolia
913 3089 1049 3133 bello
1092 3095 1245 3146 capta
1287 3088 1337 3132 in
1380 3087 1586 3144 templis
1628 3088 1832 3133 deorum
1862 3088 2219 3134 dedicaturum
2251 3104 2377 3135 esse.
2407 3090 2483 3136 sed

63 3157 235 3199 videant
265 3170 423 3211 quaeso
453 3157 683 3200 acutiores!
