2636 3572
1286 109 1314 149 4

81 242 171 284 ille
216 241 517 284 Germaniae
560 240 857 295 philologae
902 245 1206 295 praeceptor
1249 240 1347 282 dum
1377 241 1418 280 in
1448 239 1555 280 vivis
1595 243 1685 280 erat
1728 239 2035 296 praecellebat)
2079 240 2362 283 examinasset
2391 245 2433 282 et
2461 240 2503 282 in

81 322 203 352 usum
230 322 353 351 suum
381 305 662 360 adhibuisset,
698 307 810 350 hunc
847 307 1033 349 codicem
1062 307 1128 358 qui
1158 306 1283 359 vulgo
1314 306 1473 348 saeculi
1502 306 1543 347 X
1572 306 1639 346 vel
1669 306 1730 346 Xl
1761 318 1854 347 esse
1874 306 2128 358 perhibetur,
2160 311 2203 347 et
2232 307 2504 361 neglegenter

81 374 277 430 scriptum
308 377 350 415 et
380 376 576 427 quattuor
604 385 753 416 manus
782 371 982 417 distinctu
1012 370 1206 414 difficiles
1236 384 1408 427 passum
1438 384 1534 415 esse
1563 370 1689 426 plane
1719 375 1761 413 et
1789 369 1914 425 plene
1950 383 2027 414 nos
2061 369 2241 414 edocuit.
2299 372 2362 415 sic
2391 372 2503 415 enim

81 441 173 494 ipse
203 440 263 481 ait
292 439 337 480 in
365 438 497 492 praef.
529 438 629 480 edit.
662 452 765 481 suae
797 453 835 492 p.
866 437 986 480 vm:
1016 443 1155 491 ,atque
1186 437 1369 479 omnium
1400 437 1578 493 primum
1607 437 1781 478 multum
1810 435 1990 490 fallatur,
2021 436 2057 478 si
2093 437 2165 493 qui
2201 438 2379 480 similem
2401 440 2501 482 scri-

82 513 232 561 pturae
263 505 441 547 nitorem
471 511 692 559 exspectet
734 512 860 559 atque
903 518 984 558 quo
1027 504 1183 547 saeculi
1228 504 1271 546 X
1315 505 1383 546 vel
1425 505 1489 546 XI
1524 504 1664 558 graeci
1682 502 1868 546 -eodices
1904 502 2069 556 plurimi
2097 503 2266 558 placere
2295 504 2447 546 solent:
2476 519 2504 547 a

83 586 260 625 quorum
304 570 376 612 ille
421 568 625 612 munditia
668 571 949 613 concinnitate
984 576 1110 623 atque
1145 570 1446 624 perspicuitate
1474 570 1638 624 longius
1669 582 1792 623 quam
1823 567 1970 610 credas
1998 574 2181 611 remotus
2210 575 2287 611 cst.
2345 570 2502 624 quippe

83 643 150 681 sat
191 636 434 693 properanti
479 636 640 679 calamo
686 649 783 680 usus
825 635 1020 679 librarius
1064 647 1196 690 neque
1240 635 1281 678 in
1324 634 1553 690 figurandis
1596 635 1727 679 literis
1770 635 1810 678 h.
1848 648 1883 678 e.
1924 634 2204 689 aequabiliter
2232 641 2274 678 et
2303 634 2499 680 distincte

83 703 312 758 pingendis
351 716 443 746 cum
487 715 588 745 cura
628 708 670 745 et
713 702 933 757 diligentia
975 706 1166 744 versatus
1196 706 1263 743 est
1291 714 1370 744 nec
1398 701 1443 743 in
1471 702 1715 744 accentibus
1744 700 2043 757 spiritibusque
2074 700 2142 742 vel
2170 700 2279 743 inter
2308 715 2354 744 se
2387 705 2500 744 certo

85 770 299 826 planeque
327 769 618 812 discernendis
647 769 712 811 vel
742 769 828 811 suis
856 768 1083 820 vocalibus,
1114 780 1197 809 non
1228 767 1438 821 contiguis
1467 768 1600 810 literis
1616 767 1952 823 superponendis
1981 780 2062 809 nec
2089 767 2133 809 in
2162 767 2294 810 literis
2323 767 2500 823 syllabis

83 836 258 878 vocibus
293 841 409 878 recte
445 835 511 877 vel
547 833 756 878 sociandis
791 833 859 876 vel
894 832 1192 876 dissociandis:
1232 847 1317 888 qua
1345 833 1561 890 multiplici
1592 834 1886 888 neglegentiae
1915 834 2117 877 varietate
2146 833 2192 877 fit
2221 839 2267 878 ut
2296 841 2337 877 et
2366 835 2503 889 perin-

86 901 310 945 commoda
340 910 381 944 et
411 915 540 957 saepe
570 901 694 943 valde
723 900 923 954 ambigua
951 899 1073 942 lectio
1104 899 1284 941 evadat!
1343 905 1431 943 tum
1460 900 1571 943 idem
1601 901 1628 942 l.
1660 915 1694 942 c.
1727 914 1767 955 p.
1799 900 1860 942 IX
1891 901 1970 943 hoc
1998 900 2123 943 modo
2153 901 2308 955 pergit:
2347 914 2501 952 ‚verum

85 969 214 1010 multo
259 967 387 1010 etiam
432 968 526 1022 plus
561 966 810 1010 incommodi
845 966 1079 1009 Mediceum
1115 964 1303 1008 codicem
1333 966 1530 1009 tractanti
1560 979 1583 1009 e
1612 979 1839 1009 manuum
1869 965 2176 1009 diversitate
2207 966 2336 1009 oritur
2365 979 2502 1009 emen·

85 1035 287 1076 datricem
317 1047 487 1088 operam
516 1039 668 1087 poetae
698 1033 836 1075 verbis
866 1032 1190 1074 admoventium.
1251 1033 1489 1075 elaborasse
1518 1038 1656 1075 autem
1693 1035 1735 1074 in
1772 1045 1823 1074 eo
1858 1032 2029 1085 negotio
2074 1037 2312 1086 quattuor
2353 1045 2501 1075 manus

86 1100 348 1154 exploratum
378 1106 457 1151 est,
488 1098 562 1141 sed
591 1111 665 1140 eas
694 1111 822 1151 saepe
851 1110 1024 1139 numero
1054 1102 1141 1138 tam
1170 1096 1370 1140 distinctu
1400 1098 1606 1150 difficiles,
1637 1097 1736 1139 inde
1765 1104 1810 1139 ut
1849 1097 2070 1151 plurimum
2115 1097 2386 1140 dubitationis
2430 1111 2501 1139 na-

86 1170 237 1208 scatur.
275 1170 317 1206 et
347 1163 507 1218 prima
550 1162 717 1217 quidem
762 1165 846 1218 (pr.
883 1162 951 1205 vel
987 1164 1102 1216 ant.)
1139 1161 1229 1205 sive
1264 1175 1341 1218 per
1370 1163 1634 1206 oscitantiam
1663 1162 1820 1205 librarii
1850 1162 1939 1206 sive
1970 1161 2060 1205 solo
2089 1162 2238 1205 calami
2266 1163 2388 1218 lapsu
2416 1168 2501 1206 tam

33 1234 35 1238 '
86 1231 233 1273 crebro
263 1230 464 1285 peccavit,
494 1230 619 1283 longe
647 1228 828 1283 plurima
857 1232 903 1270 ut
930 1233 1004 1270 aut
1032 1227 1219 1270 radendo
1249 1227 1431 1271 delenda
1459 1234 1531 1272 aut
1557 1229 1909 1285 superscribendo
1928 1227 2080 1271 aliisve
2100 1228 2237 1272 modis
2257 1229 2503 1285 corrigenda

86 1297 252 1340 suerint.
314 1296 356 1337 id
387 1297 465 1338 etsi
493 1296 749 1349 aliquotiens
779 1294 930 1337 eadem
972 1306 1122 1336 manus
1168 1294 1258 1337 sive
1303 1296 1412 1337 inter
1455 1290 1719 1338 scribendum
1763 1295 1851 1339 sive
1896 1295 2005 1337 inter
2047 1295 2316 1351 relegendum
2360 1296 2502 1339 facere

84 1363 179 1419 ipsa
207 1362 355 1418 potuit,
384 1366 524 1405 tamen
553 1361 714 1418 potiore
744 1373 799 1404 ex
826 1366 947 1417 parte
977 1360 1200 1404 secunda
1225 1363 1360 1416 (sec.)
1380 1361 1602 1418 praestitit,
1633 1360 1769 1405 denuo
1799 1361 1988 1418 inspecto
2018 1367 2063 1406 ut
2091 1361 2254 1407 videtur
2272 1362 2501 1419 archetypo

86 1430 276 1484 exemplo
320 1429 422 1471 vitia
464 1429 597 1471 multa
638 1433 754 1470 recte
797 1428 961 1470 tollens.
1019 1441 1144 1481 quam
1187 1442 1358 1470 manum
1401 1442 1529 1482 quum
1573 1429 1750 1471 eandem
1795 1442 1889 1471 esse
1924 1443 2007 1482 qua
2035 1430 2194 1472 scholia
2222 1431 2377 1485 scripta
2405 1430 2501 1483 sint,

84 1496 274 1552 plerique
317 1494 541 1549 affimant,
585 1499 726 1537 tamen
770 1494 851 1537 hoc
892 1493 1031 1550 ipsum
1073 1508 1170 1537 num
1214 1495 1276 1537 ita
1310 1508 1356 1537 se
1393 1494 1548 1537 habeat
1578 1495 1633 1537 ab
1662 1494 1757 1538 aliis
1787 1494 1911 1538 valde
1942 1495 2164 1550 dubitatur,
2195 1496 2330 1539 eidem
2360 1495 2502 1551 potius

86 1563 245 1606 scholia
273 1562 413 1604 manui
443 1561 722 1605 tribuentibus
751 1573 861 1616 quae
890 1564 1041 1616 poetae
1070 1548 1201 1604 verba
1229 1560 1407 1617 scripsit.
1467 1574 1518 1604 ac
1548 1565 1703 1604 certum
1735 1566 1800 1605 est
1828 1561 1977 1606 saltem
2005 1561 2229 1607 falsissimo
2258 1567 2501 1617 argumento

85 1630 145 1671 uti
176 1629 248 1681 qui
278 1629 403 1670 haec
431 1641 527 1671 esse
555 1628 690 1669 literis
718 1627 976 1680 minusculis,
1006 1627 1247 1669 maiusculis
1282 1632 1423 1668 autem
1461 1627 1620 1669 scholia
1649 1628 1806 1683 scripta
1833 1635 2021 1671 narrant:
2052 1628 2220 1683 qnando
2250 1628 2500 1672 scholiorum

84 1709 251 1750 quoque
294 1695 554 1737 literaturam
596 1693 874 1736 minusculam
918 1706 1025 1745 esse,
1070 1698 1232 1736 tantum
1276 1693 1490 1746 aliquanto
1534 1694 1708 1747 saepius
1751 1707 1876 1747 quam
1918 1694 1961 1736 in
2004 1695 2100 1748 ipsa
2135 1694 2280 1737 fabula
2314 1695 2501 1736 inmixtis

83 1761 325 1803 maiusculis
362 1760 593 1812 elementis,
629 1758 853 1800 manifesto
888 1758 1179 1812 luculenteque
1215 1757 1270 1800 ad
1308 1757 1582 1814 Choephoros
1610 1758 1824 1814 pertinens
1854 1758 2000 1802 tabula
2028 1759 2293 1816 lithographa
2323 1759 2500 1803 Dindor-

81 1827 194 1869 tiana
222 1827 356 1869 docet.
415 1839 558 1869 verum
596 1826 723 1868 etiam
752 1826 904 1868 tertia
933 1825 1086 1880 (tert.)
1115 1839 1262 1867 manus
1293 1825 1553 1867 emendatrix
1589 1826 1831 1880 supervenit
1866 1839 1998 1879 eaque
2041 1839 2126 1868 non
2167 1826 2324 1868 indocti
2367 1839 2500 1879 gram-

82 1892 226 1935 matici
271 1892 343 1946 qui
387 1893 624 1942 διορθωτοῦ
661 1896 804 1945 partes
843 1904 976 1943 agens
1005 1904 1098 1932 cum
1128 1896 1292 1932 suomet
1321 1890 1475 1932 iudicio
1504 1905 1620 1942 usus,
1649 1896 1737 1932 tum
1766 1891 1948 1932 fortasse
1978 1891 2105 1932 etiam
2134 1892 2367 1943 antiquiore
2395 1893 2500 1933 libro

82 1970 159 2002 ms.
198 1956 387 2002 adhibito
422 1969 501 2001 nec
537 1954 809 2012 indiligenter
851 1968 930 1999 nec
973 1955 1304 2013 improbabiliter
1346 1955 1463 2001 haud
1506 1969 1644 2013 pauca
1686 1955 1914 2013 expedivit.
1972 1960 2184 2014 postremo
2227 1972 2310 2002 non
2352 1956 2502 2003 desunt

82 2032 293 2078 quartae
324 2038 473 2065 manus
516 2025 652 2079 (rec.)
697 2024 876 2078 vestigia
904 2036 928 2063 e
958 2023 1128 2064 saeculo
1156 2023 1260 2063 XlV
1291 2023 1358 2065 vel
1387 2024 1464 2065 XV
1495 2023 1726 2079 repetenda
1755 2035 1865 2077 quae
1901 2023 2178 2078 Byzantinum
2221 2024 2499 2079 magistellum

83 2090 263 2145 produnt
292 2090 519 2144 aliquando
549 2090 617 2132 vel
645 2096 803 2131 temere
832 2090 1148 2143 interpolantem
1179 2090 1248 2130 vel
1278 2091 1470 2144 imperite
1500 2093 1756 2132 mutantem!
1815 2091 2067 2143 omninoque
2096 2104 2257 2132 summo
2276 2092 2336 2131 illi
2358 2092 2500 2133 critico

83 2157 218 2200 codex
247 2156 462 2200 Mediceus
492 2168 758 2211 nequaquam
788 2156 848 2198 ita
881 2160 1146 2211 comparatus
1182 2169 1278 2199 esse
1313 2155 1536 2200 videbatur
1564 2160 1609 2199 ut
1638 2169 1713 2210 pro
1742 2155 1836 2210 ipso
1866 2155 1984 2199 fonte
2013 2161 2244 2200 ceterorum
2274 2156 2343 2209 qui
2373 2156 2499 2200 hodie

83 2231 250 2265 exstant
293 2224 491 2264 librorum
528 2235 603 2263 ms.
651 2222 833 2263 omnium
864 2221 1011 2263 haberi
1041 2221 1184 2276 possit.
1244 2235 1297 2264 en
1325 2225 1419 2277 ipsa
1447 2222 1666 2265 Ritschelii
1695 2222 1826 2264 verba
1853 2221 1880 2264 1.
1911 2234 1946 2264 c.
1976 2234 2018 2277 p.
2047 2221 2105 2265 VI
2135 2222 2198 2265 sic
2226 2217 2500 2279 probabiliter

82 2290 387 2332 ratiocinantis:
434 2303 583 2342 ,neque
629 2289 741 2330 enim
785 2288 910 2330 hodie
941 2287 1122 2329 dubitari
1159 2303 1284 2342 posse
1313 2290 1479 2330 videtur
1508 2289 1610 2341 quin
1641 2302 1694 2330 ex
1723 2301 1806 2329 uno
1836 2288 1979 2340 aliquo
2008 2289 2237 2343 archetypo
2265 2289 2500 2343 antiquiore

84 2369 175 2399 cum
221 2355 435 2399 Mediceus
478 2360 564 2397 tum
609 2353 736 2396 etiam
773 2353 881 2396 alter
916 2353 1088 2409 quidam
1124 2355 1310 2398 eiusdem
1340 2355 1409 2397 vel
1437 2354 1634 2410 supparis
1663 2353 1819 2396 aetatis
1848 2353 1956 2397 liber
1982 2354 2280 2409 transscriptus
2307 2355 2362 2398 sit
2389 2368 2500 2398 nune

83 2422 339 2477 deperditus,
370 2426 415 2464 ut
443 2421 503 2462 illi
539 2420 781 2475 persimilis,
817 2419 879 2462 ita
921 2434 1003 2463 non
1047 2434 1216 2477 prorsus
1261 2435 1350 2477 par,
1381 2421 1436 2464 ad
1467 2421 1578 2464 hunc
1606 2427 1746 2463 autem
1774 2419 1950 2463 alterum
1979 2421 2252 2465 recentiorum
2281 2420 2498 2465 multitudo

83 2490 417 2544 apographorum
447 2488 615 2541 (loquor
643 2492 782 2529 autem
812 2487 867 2529 de
897 2487 1026 2528 tribus
1054 2488 1207 2531 fabulis
1237 2489 1464 2542 prioribus)
1494 2488 1583 2529 fere
1612 2487 1782 2529 redeat!

280 2554 376 2597 Jam
407 2567 505 2597 vero
536 2566 708 2609 prorsus
739 2552 990 2597 contrariam
1020 2567 1137 2597 suam
1166 2553 1221 2598 de
1251 2553 1440 2597 Mediceo
1471 2552 1615 2596 codice
1642 2552 1880 2608 opinionem
1900 2551 2130 2596 identidem
2149 2552 2302 2597 frustra
2320 2555 2498 2609 probare

84 2621 242 2663 studuit
263 2620 501 2663 Guilelmus
523 2619 765 2663 Dindorfius
796 2619 866 2672 qui
896 2618 1082 2661 codicem
1113 2620 1229 2663 illum
1260 2634 1336 2676 pro
1367 2620 1461 2675 ipso
1491 2620 1723 2675 archetypo
1744 2619 1785 2661 h.
1802 2632 1836 2661 e.
1860 2632 1934 2674 pro
1963 2632 2046 2662 uno
2077 2625 2118 2662 et
2147 2621 2355 2663 communi
2386 2621 2499 2665 fonte

83 2686 264 2728 omnium
307 2687 642 2741 apographorum
686 2685 1015 2741 Aeschyleorum
1060 2685 1233 2741 habet*)
1277 2686 1403 2740 idque
1446 2685 1554 2728 adeo
1598 2684 1681 2727 sibi
1724 2684 1931 2739 persuasit
1965 2678 2009 2727 u’t
2043 2698 2097 2727 ne
2133 2684 2299 2727 invictis
2330 2686 2498 2738 quidem

82 2751 256 2793 aliorum
287 2751 594 2805 criticorum**)
624 2751 881 2808 argumentis
911 2750 965 2792 de
995 2764 1048 2793 ea
1075 2752 1284 2794 sententia
1312 2765 1359 2795 se
1391 2750 1543 2794 deduci
1572 2751 1768 2807 patiatur.

293 2939 327 2984 *)
352 2940 405 2976 Of.
431 2945 615 2977 comment.
641 2940 678 2977 in
702 2939 888 2977 Leutschii
918 2939 1105 2985 Philologo
1141 2940 1227 2977 edit.
1252 2940 1322 2976 vol.
1349 2940 1405 2984 18,
1430 2941 1477 2976 20
1502 2944 1539 2976 et
1562 2941 1620 2983 21,
1644 2942 1720 2975 tum
1743 2939 1854 2984 praef.
1880 2939 2045 2977 editionis
2069 2938 2267 2984 Lipsiensis
2291 2939 2439 2984 quintae
2462 2952 2496 2985 p.

81 2997 149 3040 VI,
173 2997 324 3040 denique
359 2998 470 3040 praef.
507 2999 658 3033 Lexici
693 2998 928 3042 Aeschylei
964 2998 1110 3042 Lipsiae
1144 3008 1257 3042 nuper
1292 2997 1381 3033 editi
1416 2997 1542 3040 (1876)
1577 3001 1615 3032 et
1649 2997 1797 3043 append.
1835 2997 1989 3034 eiusdem
2019 2996 2146 3034 Lexici
2169 3006 2205 3042 p·
2227 2997 2299 3034 405
2323 3007 2411 3043 sqq„
2435 2998 2497 3036 ubi

80 3066 236 3092 seorsum
261 3067 284 3091 a
307 3054 492 3091 Dindorfio
515 3056 637 3100 agitur
659 3057 721 3100 ‚de
744 3056 956 3100 Aeschyli
979 3055 1128 3091 codice
1150 3055 1346 3091 Hediceo
1372 3054 1552 3098 eiusque
1577 3054 1857 3099 apographis:

291 3121 345 3168 1·“’·“)
369 3122 494 3160 Veluti
517 3122 647 3162 Keckii
671 3123 731 3170 qui
755 3124 829 3162 eod.
854 3124 984 3163 Venet.
1009 3123 1104 3162 Flor.
1128 3127 1168 3162 et
1189 3123 1298 3161 Fnrn.
1322 3133 1545 3169 nequaquam
1581 3133 1625 3160 ex
1660 3122 1819 3161 Hediceo
1856 3124 1975 3161 codice
2011 3128 2193 3168 tamqnam
2229 3133 2273 3159 ex
2307 3123 2408 3161 fonte
2432 3134 2513 3160 sno.

77 3180 222 3215 fluxisse
246 3181 435 3216 luculentis
460 3181 595 3225 aliquot
619 3181 787 3225 exemplis
811 3181 1071 3218 demonstravit
1094 3180 1376 3226 Agamemnonis
1399 3180 1455 3216 sui
1478 3190 1513 3224 p.
1539 3181 1610 3216 198
1632 3190 1706 3225 sqq.
2455 3210 2458 3214 .
