2636 3572
1261 87 1316 133 23

82 237 239 275 versus,
260 224 300 263 in
323 222 461 263 medio
481 235 606 263 versu
624 223 807 263 Eteoclis
827 223 868 262 in
890 223 997 263 solo
1017 223 1205 282 hiediceo
1225 238 1252 264 a
1272 224 1558 265 recentiore
1578 222 1747 273 quidem
1768 236 1893 264 manu
1913 236 2082 275 prorsus
2097 223 2298 265 inutiliter
2314 229 2353 264 et
2370 237 2489 276 prae-

83 298 145 333 ter
164 290 369 332 rationem
390 288 595 332 adiectae.
637 303 748 332 nunc
768 289 870 330 mihi
893 302 1088 342 compara
1108 303 1265 343 quaeso
1286 290 1469 343 reliquas
1495 288 1795 343 scripturarum
1815 287 2120 343 discrepantias
2139 303 2222 343 quo
2242 289 2375 344 magis
2395 303 2491 332 con-

84 358 258 413 spicuac
287 354 389 399 fiant
417 361 585 398 mutuae
615 354 800 417 rationes
830 368 939 409 quae
966 354 1074 397 inter
1100 355 1335 399 Mediceum
1361 356 1549 411 aliosque
1570 353 1739 397 codices
1760 354 2032 397 intercedunt.
2081 368 2134 397 en
2153 355 2286 398 habes
2305 355 2491 411 potiores

83 427 197 467 locos
228 422 378 475 quibus
407 421 479 461 alii
511 420 679 462 codices
709 426 876 475 praeter
904 420 1139 462 Mediceum
1168 436 1311 462 veram
1341 424 1588 478 scripturam
1618 422 1683 462 vel
1715 429 1860 474 aperte
1889 427 2094 463 testantur
2112 424 2178 463 vel
2198 423 2345 463 saltem
2366 435 2491 463 verae

84 493 312 546 scripturae
328 486 507 541 vestigia
523 487 730 539 quaedam
752 486 941 540 quamvis
961 487 1102 528 tenuia
1120 487 1316 542 produnt:
1341 490 1418 532 196
1439 489 1493 531 M.
1509 489 1631 536 γένει,
1652 487 1723 529 alii
1745 487 1837 529 cod.
1858 488 1970 541 φίλῳ
1990 488 2054 529 vel
2075 489 2209 542 φύλῳ,
2231 488 2341 530 unde
2361 487 2491 530 veris-

84 561 187 603 sime
210 556 473 598 Hermannus
494 558 628 608 φυτῷ.
656 554 709 595 cf.
737 554 878 608 Eurip.
906 553 1014 594 Med.
1037 555 1116 596 281
1137 556 1329 602 γυναῖκές
1350 556 1471 605 ἐεμεν
1490 554 1752 596 ἀθλιώτατον
1772 555 1950 604 φυτόν,
1973 567 2026 595 ne
2046 555 2166 607 plura
2191 555 2385 609 exempla
2411 554 2492 596 fut-

83 626 212 670 tiliter
231 621 498 665 cumulemus.
547 622 626 663 172
652 621 706 662 Μ.
736 620 885 671 φυγάε,
913 620 984 662 alii
1009 620 1122 671 βοάς.
1174 622 1253 664 174
1278 621 1330 663 Μ.
1358 621 1593 673 ὀφέλλεται,
1614 620 1688 662 alii
1709 619 1925 672 ὀφέλλετε.
1977 620 2057 663 185
2075 620 2129 661 M.
2151 619 2305 672 ὄτοβον
2324 620 2398 666 ὅτι,
2419 620 2491 662 alii

32 737 39 743 ,
85 693 249 744 ὄτοβον,
271 688 426 739 ὄτοβον
447 686 530 729 ὅτε.
579 700 687 740 quae
708 686 827 737 vocis
855 685 1049 741 repetitio
1078 693 1163 729 tum
1195 693 1365 743 propter
1392 688 1578 729 metrum
1600 692 1685 728 tum
1716 692 1890 742 propter
1914 687 2090 729 eundem
2118 687 2364 729 concinnum
2385 687 2492 743 pari-

83 760 189 802 lium
209 755 449 800 vocularum
469 754 605 796 lusum
636 753 678 794 in
708 753 970 807 antistropha
1002 754 1082 795 194
1099 753 1277 806 νιφάδος
1295 778 1353 785 -
1370 753 1599 806 νιφόμενος
1620 766 1752 806 quem.
1765 753 1948 807 tragicos
1968 767 2109 796 amare
2130 759 2304 807 constat,
2323 767 2493 809 prorsus

85 823 326 868 necessaria
345 826 420 863 est.
461 821 540 864 192
559 821 621 862 Μ.
636 821 693 867 ἐν,
714 820 787 862 alii
807 820 925 870 πρός.
965 822 1047 863 210
1066 821 1119 862 Μ.
1140 821 1225 867 τάν,
1247 821 1318 863 alii
1338 822 1423 863 τόν.
1472 823 1555 865 222
1576 822 1629 863 Μ.
1651 821 1816 871 ἄμμιγα,
1838 822 1946 874 Aug.
1967 820 2157 872 ἀνάμιγα.
2202 822 2285 865 223
2304 823 2358 864 Μ.
2379 821 2495 863 τάνδ’

85 894 129 934 ἑ(
149 891 388 941 ἀκρόπολιν,
410 887 462 929 G.
484 888 528 929 ἐ(
550 889 717 933 εκοπᾶν,
738 887 866 929 Mose.
887 888 912 928 2
934 886 977 927 ἐ(
998 887 1178 928 εκοπίαν.
1208 882 1292 930 230
1309 888 1363 928 Μ.
1384 890 1522 937 γῆθεν,
1544 887 1614 928 alii
1631 888 1756 946 (Ven.
1778 888 1825 940 B,
1844 888 1974 930 Turn.
1998 894 2039 929 et
2058 888 2315 942 adscriptum
2337 888 2379 929 in
2400 888 2494 929 Par.

85 960 142 1012 Β)
171 962 311 1007 δῆθεν.
369 956 451 997 237
481 954 535 996 Μ.
566 953 671 1005 κάμὲ
699 953 766 995 καὶ
794 955 930 995 πᾶεαν
957 953 1114 1000 πτόλιν,
1144 953 1215 995 alii
1244 952 1346 1004 κάμὲ
1375 954 1452 995 καὶ
1483 954 1535 995 (ὲ
1564 954 1631 995 καὶ
1658 954 1793 996 πόλιν,
1851 954 1937 997 240
1955 954 2010 997 Μ.
2031 953 2200 1006 ἄνδρας,
2229 954 2300 996 alii
2328 954 2494 1006 ἄνδρες.

85 1023 264 1078 denique
294 1019 347 1064 de
378 1019 612 1074 258-261,
641 1017 828 1075 inprimis
859 1017 911 1060 de
941 1019 1019 1062 261
1051 1017 1148 1061 vide
1176 1030 1285 1074 quae
1313 1031 1387 1061 suo
1416 1019 1508 1062 loco
1551 1018 1747 1061 diximus.
1820 1019 2039 1063 omisimus
2082 1024 2222 1063 autem
2263 1020 2329 1063 hic
2367 1021 2495 1064 leviu-

84 1089 224 1132 sculas
254 1087 459 1142 quasdam
489 1086 646 1128 codicis
674 1085 852 1127 Medicei
881 1086 1184 1139 discrepantias
1214 1097 1322 1138 quae
1351 1091 1438 1127 tum
1467 1086 1524 1127 ad
1552 1086 1764 1128 literarum
1795 1099 1964 1129 rasuras
1998 1088 2201 1129 liturasve
2245 1101 2495 1140 omnemque

86 1160 281 1209 quattuor
308 1167 504 1195 manuum
534 1152 818 1195 diversitatem
848 1158 935 1193 tum
965 1151 1021 1193 ad
1049 1157 1268 1194 accentum
1312 1152 1556 1205 spiritumve
1601 1158 1643 1192 et
1686 1153 1867 1205 reliquos
1910 1154 2055 1207 apices
2098 1168 2244 1196 omnes
2289 1160 2495 1208 spectant.

86 1235 168 1275 quo
199 1221 366 1273 quidem
395 1220 438 1261 in
466 1232 620 1273 genere
647 1218 747 1260 item
781 1217 1050 1260 multifariam
1078 1230 1105 1258 a
1133 1216 1317 1260 librariis
1360 1217 1403 1258 in
1446 1216 1667 1259 scribendo
1711 1217 1857 1261 codice
1900 1218 2092 1262 Medieeo
2134 1224 2354 1274 peccatum
2401 1234 2496 1262 esse

85 1288 238 1331 scimus
287 1286 408 1329 vides
437 1291 497 1328 tot
525 1285 627 1328 loeis
656 1285 777 1327 huius
820 1283 998 1339 episodii
1040 1282 1270 1326 deteriores
1307 1284 1377 1338 qui
1404 1284 1529 1346 vulgo
1560 1284 1861 1340 perhibeantur
1889 1285 2057 1327 codices
2089 1286 2350 1342 Aeschyleos
2382 1286 2495 1328 haud

85 1353 353 1395 mediocriter
381 1352 570 1394 Mediceo
599 1356 826 1405 praestare,
857 1355 1001 1392 contra
1028 1351 1165 1404 ipsum
1195 1351 1427 1392 Medieeum
1457 1363 1509 1391 ue
1539 1363 1622 1392 nno
1653 1352 1823 1402 quidem
1844 1364 1897 1392 ex
1915 1352 2017 1394 locis
2047 1354 2251 1407 corruptis
2271 1355 2495 1406 quicquam

85 1420 262 1462 remedii
291 1420 347 1461 ad
375 1418 703 1474 recuperandam
733 1417 934 1471 Aeschyli
976 1429 1142 1457 manum
1185 1416 1307 1458 nobis
1340 1415 1625 1470 suppeditare,
1656 1423 1702 1458 ut
1731 1417 1946 1459 intellectu
1975 1432 2076 1466 sane
2107 1417 2280 1461 difficile
2309 1419 2363 1461 sit
2394 1433 2495 1472 quo-

86 1487 210 1530 modo
238 1485 477 1530 istiusmodi
506 1484 639 1528 codex
669 1483 856 1538 vulgaris
886 1496 1074 1538 unusque
1104 1497 1127 1525 e
1157 1483 1295 1525 multis
1336 1484 1443 1525 inter
1477 1497 1622 1526 omnes
1652 1483 1821 1526 codices
1852 1485 2112 1540 Aeschyleos
2140 1490 2353 1540 tamquam
2383 1486 2495 1541 prin-

87 1555 269 1608 cipatum
298 1552 524 1595 obtinuerit
553 1557 594 1593 et
623 1551 730 1593 adeo
759 1565 834 1606 pro
863 1550 957 1605 ipso
986 1550 1099 1592 fonte
1128 1554 1169 1591 et
1198 1550 1426 1604 archetypo
1470 1550 1651 1592 omnium
1694 1552 2030 1606 apographorum
2075 1552 2310 1595 etiamnunc
2339 1568 2365 1595 a
2394 1567 2495 1607 quo-

89 1632 213 1674 quam
242 1617 391 1662 haberi
419 1617 568 1674 possit.

288 1686 512 1738 Quaeritur
541 1686 721 1739 denique
751 1689 956 1737 quatenus
985 1683 1212 1725 scholiasta
1239 1683 1451 1726 Mediceus
1479 1684 1523 1725 in
1551 1685 1828 1738 perpoliendo
1871 1686 2063 1740 episodio
2093 1700 2168 1729 uos
2197 1687 2418 1739 adiuverit,
2451 1694 2496 1730 ut

87 1760 245 1808 quanta
271 1755 377 1796 fides
406 1754 446 1794 ei
476 1754 530 1795 sit
558 1751 766 1803 habenda,
797 1764 850 1792 ex
879 1751 959 1791 hoc
987 1750 1149 1792 scilicet
1175 1750 1379 1804 episodio
1423 1751 1705 1792 coniecturam
1735 1753 1997 1805 probabilem
2033 1754 2173 1795 facere
2204 1754 2327 1796 nobis
2357 1754 2494 1796 liceat.

86 1836 137 1865 ac
165 1821 425 1864 mirabuntur
453 1819 630 1862 fortasse
659 1817 730 1873 qui
761 1830 925 1860 omnem
968 1815 1232 1860 instaurandi
1259 1815 1458 1872 Aeschyli
1488 1830 1608 1872 spem
1637 1831 1794 1873 ponere
1824 1819 1867 1861 in
1897 1819 2065 1863 scholiis
2109 1820 2258 1875 solent,
2302 1826 2367 1863 ter
2395 1836 2495 1876 qua-

86 1894 202 1932 terve
233 1893 390 1931 tantum
419 1884 685 1929 honorificam
717 1883 969 1927 scholiastae
998 1883 1250 1926 mentionem
1279 1897 1306 1926 a
1334 1883 1454 1926 nobis
1483 1883 1636 1926 factam
1668 1897 1775 1940 esse,
1806 1891 1852 1929 nt
1882 1887 2075 1929 2081οο0
2097 1900 2199 1930 sane
2219 1888 2494 1942 memorabili,

87 1956 157 1998 ubi
188 1955 449 2011 praeclarum
485 1953 591 1994 Διό(
628 1952 731 1994 illud
774 1951 953 1993 feliciter
980 1964 1003 1993 e
1032 1951 1190 1993 scholio
1233 1951 1420 1992 Mediceo
1462 1951 1623 1993 eruisse
1667 1958 1708 1993 et
1750 1954 2023 2006 probabiliter
2065 1955 2299 1997 restituisse
2343 1961 2496 2009 poetae

87 2025 230 2064 nostro
259 2020 462 2073 videmur,
492 2024 581 2061 tum
611 2020 695 2061 230
723 2017 764 2059 et
793 2018 889 2071 260,
920 2018 1073 2070 quibus
1100 2016 1204 2058 locis
1232 2016 1343 2058 idem
1371 2017 1598 2058 scholiasta
1639 2018 1762 2060 nobis
1805 2019 2059 2061 adminiculo
2096 2020 2177 2062 fuit
2206 2021 2242 2062 si
2272 2022 2410 2063 minus
2439 2021 2496 2062 ad

86 2087 395 2139 inveniendam,
425 2092 470 2128 at
498 2090 612 2127 certe
641 2084 698 2126 ad
727 2082 1052 2126 confirmandam
1081 2096 1220 2125 veram
1252 2083 1506 2137 scripturam.

286 2152 464 2196 Omnino
494 2158 539 2195 ut
566 2151 664 2195 illuc
692 2150 840 2194 redeat
867 2148 979 2192 unde
1009 2161 1160 2192 exorsa
1187 2153 1251 2191 est
1279 2148 1503 2204 disputatio
1532 2155 1688 2203 nostra,
1719 2163 1884 2193 omnem
1915 2151 2101 2194 criticam
2133 2154 2335 2209 Aeschyli
2358 2155 2496 2210 supel-

85 2219 266 2263 lectilem
296 2219 421 2261 valde
450 2214 644 2261 mancam
671 2223 799 2272 atque
829 2216 999 2259 dubiam
1027 2228 1123 2258 esse
1152 2220 1193 2257 et
1222 2220 1267 2257 ut
1296 2215 1417 2270 plane
1446 2214 1583 2258 dicam
1613 2216 1722 2270 quod
1755 2215 1902 2270 sentio,
1934 2223 2019 2259 tam
2049 2218 2283 2262 Mediceum
2306 2221 2495 2264 codicem

87 2287 261 2342 eiusque
291 2287 453 2329 scholia
486 2299 611 2341 quam
656 2285 837 2338 reliquos
880 2295 1025 2325 omnes
1068 2288 1269 2336 quotquot
1311 2287 1475 2325 exstant
1518 2283 1686 2325 codices
1728 2285 1930 2339 temporis
1971 2285 2193 2338 iniquitate
2236 2300 2496 2331 communem

84 2354 223 2396 labem
253 2367 431 2407 eamque
460 2353 673 2406 aliquanto
702 2351 938 2406 graviorem
968 2364 1092 2404 quam
1122 2349 1248 2403 vulgo
1290 2347 1468 2391 creditur
1510 2348 1594 2391 iam
1638 2349 1800 2406 pridem
1829 2350 2010 2396 traxisse
2039 2353 2244 2398 existimo.
2303 2360 2365 2399 tot
2395 2370 2496 2400 vero

84 2420 200 2465 locos
228 2419 489 2477 Aeschyleos
517 2418 779 2464 saeculorum
813 2416 994 2461 decursu
1036 2415 1103 2460 vel
1146 2415 1312 2459 inscitia
1354 2415 1422 2458 vel
1464 2415 1736 2472 neglegentia
1777 2418 1847 2460 vel
1875 2418 2003 2462 etiam
2047 2419 2195 2463 frande
2236 2420 2496 2467 librariorum

84 2488 307 2531 manifesto
336 2487 588 2545 depravatos
616 2500 668 2530 ae
696 2486 943 2542 desperatos
971 2485 1043 2541 qui
1071 2485 1240 2527 tandem
1283 2496 1438 2537 quaeso
1480 2483 1606 2526 hodie
1641 2484 1698 2526 ad
1726 2487 1937 2528 saniorem
1964 2488 2372 2543 probabilioremque
2401 2505 2497 2548 spe-

85 2556 190 2597 ciem
233 2555 553 2597 revocabimus?
623 2567 682 2602 ne
705 2553 836 2595 multa
864 2576 917 2583 —-
947 2552 1028 2594 nisi
1067 2551 1233 2594 omnino
1275 2550 1500 2604 desperare
1528 2550 1582 2592 de
1611 2552 1881 2595 instaurando
1923 2554 2135 2609 Aeschylo
2164 2556 2367 2608 volumus,
2399 2559 2498 2599 rati-

83 2635 206 2664 onem
235 2621 348 2663 illam
376 2625 555 2674 ,centum
585 2619 798 2664 codicibus
825 2618 1042 2673 potiorem’
1072 2616 1198 2661 etiam
1228 2615 1283 2659 ad
1312 2615 1437 2660 crisin
1468 2616 1745 2673 Aeschyleam
1775 2624 2017 2678 constanter
2042 2625 2083 2663 et
2103 2626 2273 2666 strenue
2301 2621 2497 2667 adhiberi

83 2701 257 2732 necesse
286 2692 363 2742 est,
390 2692 437 2732 ιιι
468 2701 521 2731 ea
546 2686 809 2743 potissimum
838 2684 947 2729 duee
974 2683 1153 2741 primum
1181 2681 1282 2740 quid
1310 2682 1365 2727 sit
1392 2681 1675 2739 Aeschylenm
1704 2683 1771 2727 vel
1797 2689 1910 2728 certe
1938 2686 2151 2744 Aeschylo
2179 2687 2365 2746 dignum,
2396 2690 2500 2746 quid

84 2768 181 2809 non,
224 2767 350 2809 quam
393 2753 706 2797 accuratissime
748 2753 1077 2794 internoscamus
1105 2756 1148 2792 et
1176 2750 1453 2806 exploremus,
1496 2749 1652 2792 deinde
1697 2763 1798 2792 vero
1840 2752 1942 2804 quid
1970 2753 2142 2795 tandem
2180 2768 2208 2795 a
2236 2761 2362 2811 poeta
2391 2758 2498 2800 locis

84 2821 288 2876 corruptis
329 2820 560 2874 antiquitus
605 2820 803 2875 scriptum
850 2818 985 2861 fuisse
1027 2817 1255 2860 verisimile
1301 2816 1369 2869 sit,
1416 2816 1672 2869 probabili
1713 2817 1861 2860 saltem
1904 2818 2146 2862 coniectura-
2180 2826 2223 2863 et
2265 2823 2499 2867 divinando

82 2900 359 2942 assequamur
385 2911 430 2920 —
469 2886 606 2930 donec
632 2885 860 2941 aliquando
888 2884 1195 2929 vetutissimus
1221 2882 1293 2926 ille
1322 2881 1456 2926 codex
1483 2882 1740 2938 archetypus
1778 2883 2020 2928 etiamnunc
2055 2886 2211 2931 alicubi
2239 2888 2500 2936 delitescens

83 2955 258 3009 (utinam
287 2966 414 2998 verus
442 2966 584 2998 rumor
612 2953 707 3008 siti)
734 2965 789 2997 ex
816 2952 989 2996 latebris
1017 2950 1106 2995 suis
1135 2950 1179 2994 in
1215 2950 1352 2993 lucem
1394 2952 1630 3004 protractus
1673 2963 1838 2994 omnem
1881 2951 2120 2996 criticorum
2163 2955 2501 3013 Aeschyleornm

84 3022 338 3066 emendandi
367 3035 538 3077 operam
567 3021 603 3065 si
633 3034 718 3063 non
746 3020 917 3063 omnino
944 3030 1312 3074 supervacaneam,
1342 3022 1384 3058 at
1413 3015 1642 3059 faciliorem
1671 3017 2077 3075 commodioremque
2107 3020 2271 3065 reddat.
2302 3050 2355 3056 -

882 3184 1695 3218 ——mzsea—
