2636 3572
1286 85 1338 126 21

106 215 295 271 integri
325 227 470 257 versus
499 213 701 258 ambitum
730 219 899 268 aequat.
956 220 1053 259 sunt
1079 230 1180 259 vero
1208 216 1332 260 haec:
1376 218 1458 260 258
1488 215 1626 259 ἑςτίας
1656 217 1778 257 θεῶν.
1827 215 1910 259 259
1933 218 2319 266 ταυροκτονοῦντας
2345 217 2513 258 θεοῐςιν.

105 286 189 330 260
215 280 427 333 πολεμίων
456 280 488 323 δ’
522 280 734 332 ἐςθήματα
762 280 975 338 (iteratum
1010 281 1117 326 adeo
1157 282 1261 339 261)
1296 288 1339 327 et
1374 284 1547 336 λάφυρα
1576 282 1719 325 δαῖων.
1777 281 1960 335 denique
1990 284 2071 326 261
2102 284 2243 334 ςτέψω
2272 284 2356 334 πρὸ
2384 285 2512 325 ναῶν.

104 361 357 407 quamquam
385 349 470 391 260
495 352 634 390 utrum
662 347 886 402 genuinum
915 348 971 392 sit
1002 350 1142 400 θήςειν
1169 353 1352 401 τροπαῖα
1380 349 1493 404 quod
1522 348 1785 404 reposuimus
1811 362 1866 389 an
1887 350 2055 400 ςτέψειν
2074 349 2254 401 λάφυρα,
2276 349 2514 391 etiamnunc

105 416 230 462 valde
273 414 393 459 dubii
436 414 669 457 haeremus.
742 418 855 456 certe
896 418 1160 471 tropaeorum
1199 416 1451 460 mentionem
1479 419 1692 470 tamqnam
1723 428 1816 458 cum
1845 421 2077 471 temporum
2106 414 2337 460 rationibus
2365 428 2513 472 parum

104 486 401 539 congruentem
443 481 511 523 vel
554 480 785 522 scholiasta
827 480 1040 524 Mediceus
1082 482 1273 525 fastidire
1315 483 1482 526 videtur
1525 482 1598 537 qui
1642 483 1725 523 260
1760 482 1867 523 haec
1896 482 2043 524 habet:
2086 483 2405 532 παρατηρητέον
2448 483 2514 524 ὅτι

104 550 276 594 οὐδέπω
304 548 358 599 ἦν
386 549 413 599 ἡ
442 551 541 590 τῶν
569 547 826 598 τροπαίων
861 547 1062 598 ὀνομαςία
1096 550 1200 591 κατὰ
1237 550 1314 592 τὸν
1342 548 1573 593 Ἐτεοκλέα·
1603 549 1711 590 ὥςτε
1740 547 1958 599 ἀνεβίβαςε
1986 548 2040 589 τὰ
2067 547 2173 589 κατὰ
2200 547 2275 590 τὸν
2302 547 2459 599 χρόνον
2487 548 2513 591 ὁ

104 617 317 669 Αἰςχύλος.
376 615 492 670 optio
521 628 624 658 sane
653 612 836 656 difficilis
865 638 919 644 -
948 613 1139 658 fatemur.
1169 623 1423 672 quapropter
1451 621 1497 659 ut
1526 629 1692 658 omnem
1721 613 1963 669 scrupulum
2006 627 2060 656 ex
2094 613 2234 657 animo
2270 614 2512 669 evellamus,

105 696 187 745 age
228 681 365 726 locum
409 680 691 737 Aeschyleum
735 680 883 723 iterum
925 680 1192 736 inspiciamus
1227 695 1325 725 num
1361 683 1466 726 sorte
1503 682 1548 724 in
1577 682 1705 724 tantis
1735 681 1923 726 tenebris
1953 681 2124 724 aliunde
2153 681 2226 723 lux
2255 694 2365 723 nova
2393 682 2514 724 nobis

104 750 318 804 affulgeat.
376 760 429 789 en
459 753 692 802 opportune
720 752 887 800 praesto
916 761 1011 790 esse
1040 749 1182 791 salutis
1225 748 1469 792 administer
1510 749 1707 802 idemque
1752 748 1977 802 sospitator
2011 747 2206 801 Aeschyli
2235 747 2411 790 Weilius
2441 747 2514 800 qui

104 829 181 873 pro
210 816 352 867 θήςειν
381 827 466 858 una
494 814 658 857 literula
686 818 846 856 mutata
879 813 1210 870 ingeniosissime
1250 814 1428 859 coniecit
1457 815 1598 858 θύςειν
1625 815 1806 870 iungens
1836 813 1977 856 θύςειν
2005 815 2189 866 τροπαῖα
2216 812 2244 855 i.
2273 826 2309 855 e.
2339 812 2516 855 ἐπινίκια

105 882 195 924 sive
223 882 450 931 νικητήρια.
509 881 588 921 hoc
617 879 744 933 igitur
778 893 922 921 verum
964 880 1033 921 vel
1074 881 1221 922 saltem
1265 882 1353 923 veri
1395 883 1520 923 valde
1565 882 1700 923 simile
1746 881 2036 924 existimamus
2072 881 2294 933 locumque
2329 886 2515 922 nostrum

107 947 365 1003 (258—261)
397 945 670 988 felicissimae
701 946 964 988 coniecturae
992 946 1224 989 Weilianae
1254 961 1334 1003 ope
1362 961 1471 990 nunc
1501 948 1561 989 sic
1590 947 1891 990 instauramus:

640 1012 825 1064 μήλοιςιν
854 1012 1062 1064 αἱμάςςων
1090 1012 1194 1056 ἄναξ
1223 1014 1441 1066 ἑξεύχομαι

641 1079 779 1120 θύςειν
806 1082 988 1129 τροπαῖα
1016 1081 1261 1132 δουρίληφθ’
1293 1081 1438 1129 ἁγνοῖς
1467 1081 1624 1130 δόμοις.

105 1148 250 1197 ἁγνοῖς
281 1146 426 1197 δόμοις
456 1144 711 1199 iungendum
742 1159 833 1188 cum
871 1145 1000 1189 verbo
1044 1146 1192 1194 θύςειν,
1235 1148 1416 1198 τροπαῖα
1459 1144 1710 1198 δουρίληφθ’
1730 1151 1886 1197 ⁴autem
1929 1144 2088 1189 dictum
2132 1149 2197 1188 est
2226 1158 2302 1201 pro
2332 1144 2515 1201 simplici

105 1215 287 1267 τροπαῖα
328 1224 405 1268 per
448 1210 853 1267 grandiloquentiam
897 1211 1177 1268 Aeschyleam
1220 1212 1309 1255 sive
1353 1212 1673 1269 perissologiam
1715 1212 1917 1268 tragicam
1968 1211 2109 1254 dicere
2152 1211 2301 1254 mavis.
2374 1217 2517 1254 tautae

104 1280 223 1324 molis
253 1284 345 1322 erat
373 1278 480 1321 duos
508 1278 738 1320 versiculos
782 1278 980 1333 Aeschyli
1024 1278 1285 1321 librariorum
1328 1280 1417 1322 sive
1452 1279 1612 1321 incuria
1640 1279 1729 1321 sive
1754 1278 1932 1321 libidine
1960 1279 2184 1332 insigniter
2212 1278 2513 1333 depravatos*)

102 1346 281 1403 pristino
311 1358 387 1389 suo
417 1345 633 1388 restituere
662 1344 789 1387 nitori
819 1345 884 1387 vel
914 1352 960 1388 ut
989 1345 1116 1400 paulo
1144 1345 1375 1389 modestius
1403 1346 1564 1401 loquar,
1594 1345 1650 1388 ad
1685 1345 2008 1401 probabiliorem
2037 1358 2140 1388 sane
2168 1345 2355 1401 speciem
2385 1358 2516 1399 quan-

103 1413 201 1457 dam
229 1425 427 1456 revocare
464 1425 572 1465 quae
603 1410 772 1466 quidem
801 1413 941 1455 nescio
971 1425 1027 1454 an
1055 1411 1252 1467 Aeschyli
1280 1426 1404 1455 manu
1432 1411 1547 1454 haud
1576 1411 1743 1454 omnino
1773 1410 1947 1465 indigna
1976 1411 2043 1453 sit.
2126 1442 2128 1445 >

304 1478 407 1520 Utut
435 1484 514 1528 est,
544 1477 782 1530 graviorum
812 1478 1024 1519 turbarum
1067 1477 1123 1518 ad
1166 1478 1392 1531 integros
1433 1492 1581 1520 versus
1623 1478 1883 1531 Aeschyleos
1926 1479 2226 1531 pertinentium
2259 1478 2443 1531 vestigia
2471 1478 2516 1519 in

105 1546 185 1589 hoc
213 1544 382 1599 quidem
412 1543 598 1598 episodio
629 1543 735 1596 (nisi
755 1559 832 1587 nos
861 1543 1000 1586 omnia
1029 1543 1193 1598 fallunt)
1222 1543 1337 1587 nulla
1371 1550 1630 1599 comparent:
1666 1557 1764 1585 nam
1794 1556 1872 1586 nec
1907 1543 2227 1588 celebratissimi
2254 1556 2404 1587 versus
2436 1543 2516 1587 176

105 1609 553 1666 interpolationem
582 1609 704 1662 eique
735 1609 937 1652 confinem
967 1609 1195 1652 lacunam
1225 1613 1340 1664 (ante
1368 1623 1533 1653 versum
1567 1609 1669 1666 177)
1699 1621 1823 1664 quam
1860 1609 2019 1664 primus
2049 1609 2291 1653 Dindorfius
2320 1609 2514 1653 certatim

104 1677 435 1721 assentientibus
463 1675 637 1729 reliquis
667 1676 822 1719 criticis
848 1676 976 1719 veluti
997 1676 1149 1719 Weilio
1175 1677 1402 1720 Ritschelio
1435 1677 1614 1730 aliisque
1657 1676 1888 1731 proposuit,
1932 1689 2011 1717 nec
2039 1676 2176 1732 ipsius
2207 1675 2348 1717 Weilii
2377 1674 2515 1717 conie-

105 1748 262 1787 cturam
307 1742 362 1785 de
390 1741 792 1797 interpolatione
821 1756 967 1785 versus
1009 1744 1092 1786 249
1135 1757 1214 1785 nec
1255 1756 1346 1785 eam
1390 1755 1516 1796 quam
1559 1742 1814 1785 Bitschelius
1851 1742 2042 1796 integri
2078 1755 2227 1786 versus
2256 1743 2339 1785 259
2367 1741 2515 1784 inter-
2560 1735 2565 1741 ’

104 1809 415 1865 polationem
458 1808 643 1862 itemque
687 1808 809 1851 unius
851 1822 995 1852 versus
1037 1809 1264 1852 lacunam
1308 1810 1420 1864 (post
1463 1809 1654 1852 voculam
1697 1811 1871 1851 τοιαῦτα
1913 1810 2014 1863 262)
2049 1808 2290 1864 suspicatus
2328 1814 2406 1861 est,
2436 1819 2516 1850 nee

105 1875 288 1930 denique
317 1888 466 1918 versus
498 1876 577 1918 176
607 1875 959 1918 traiectionem
989 1875 1320 1918 commendatam
1349 1874 1463 1917 illam
1488 1888 1516 1917 a
1543 1873 1710 1918 Keckio
1739 1875 1919 1929 probare
1949 1875 2035 1918 ullo
2062 1874 2188 1918 modo
2217 1874 2443 1930 potuimus·

306 1942 430 1985 Nunc
471 1940 570 1984 vide
613 1954 771 1996 quaeso
815 1947 984 1985 nostrae
1027 1943 1428 1997 quantulaecumque
1472 1942 1574 1985 artis
1613 1943 1658 1984 in
1699 1941 1973 1986 instaurando
2015 1941 2228 1998 Aeschylo
2267 1940 2515 1996 ‚modestam

104 2009 338 2052 audaciam'
368 2022 476 2062 quae
506 2008 595 2050 fere
625 2008 670 2050 in
699 2007 874 2062 singulis
902 2008 1036 2052 literis
1065 2022 1117 2051 ac
1151 2008 1336 2064 syllabis,
1372 2007 1588 2050 rarissime
1630 2008 1674 2049 in
1717 2008 1938 2063 integris
1980 2009 2199 2052 vocabulis
2241 2008 2515 2051 immutandis

105 2075 410 2117 commutandis
430 2074 710 2116 resarciendis
730 2074 1004 2116 emendandis
1025 2088 1073 2116 se
1092 2076 1302 2117 continere
1321 2075 1425 2117 satis
1454 2075 1623 2116 habeat.
1680 2088 1822 2116 verum
1856 2085 1996 2117 tamen
2024 2089 2078 2118 ex
2108 2075 2188 2117 hoc
2206 2088 2303 2118 uno
2321 2074 2515 2129 episodio

106 2141 218 2195 quod
261 2142 496 2198 peculiares
538 2140 633 2184 illas
676 2154 782 2196 quas
824 2140 948 2183 modo
991 2140 1080 2183 dixi
1122 2141 1378 2197 corruptelas
1421 2139 1565 2184 nescio
1600 2153 1682 2195 quo
1711 2145 1835 2195 pacto
1867 2140 2066 2196 effugisse
2094 2140 2275 2197 videtur,
2305 2140 2515 2185 neminem

105 2207 252 2264 opinor
279 2207 470 2264 cupidius
512 2206 913 2251 inconsideratiusve
956 2207 1233 2250 coniecturam
1276 2206 1485 2251 facturum
1528 2206 1581 2249 de
1624 2206 1865 2263 incorrupta
1907 2206 2091 2262 quadam
2120 2214 2259 2251 textus
2287 2207 2518 2263 Aeschylei

104 2273 357 2327 integritate,
402 2280 615 2327 tamquam
659 2274 742 2325 hie⁴
768 2273 944 2327 scriptor
985 2273 1098 2313 solus
1141 2274 1307 2313 omnino
1348 2274 1455 2313 liber
1496 2273 1554 2314 sit
1595 2274 1650 2313 ab
1694 2273 1758 2313 eis
1794 2274 2123 2326 corruptelarum
2151 2275 2380 2328 generibus
2408 2287 2517 2326 quae

105 2339 594 2397 interpolationibus
637 2339 838 2382 lacunis
882 2344 931 2382 et
972 2338 1365 2382 traiectionibus
1407 2338 1685 2382 continentur:
1720 2337 1764 2380 id
1801 2337 1916 2394 quod
1944 2352 2093 2383 vereor
2121 2344 2168 2383 ut
2195 2352 2393 2395 umquam
2423 2353 2516 2396 pro-

105 2405 304 2450 babiliter
331 2405 611 2449 demonstrari
641 2405 788 2462 possit.

307 2473 455 2515 Restat
484 2478 529 2515 ut
557 2472 730 2515 aliorum
761 2472 996 2520 criticorum
1028 2473 1286 2515 coniecturas
1315 2484 1418 2525 quas
1446 2471 1490 2513 in
1518 2477 1677 2514 textum
1705 2477 1894 2515 nostrum
1924 2474 2074 2526 ,tacite’
2103 2474 2350 2527 recepimus,
2371 2487 2518 2518 omnes

105 2537 252 2582 ordine
281 2552 574 2594 recenseamus
603 2546 645 2582 et
673 2551 794 2582 suum
824 2538 975 2595 cuique
1004 2544 1049 2582 ut
1077 2551 1155 2595 par
1183 2542 1245 2581 est
1275 2538 1444 2589 ἕρμαιον
1474 2536 1711 2581 reddamus.
1768 2544 1866 2581 sunt
1890 2551 1992 2582 vero
2013 2544 2100 2581 tum
2119 2544 2286 2594 praeter
2313 2539 2518 2583 Herman-

105 2605 252 2649 nianas
282 2605 542 2648 coniecturas
571 2605 685 2648 haud
714 2619 816 2649 saue
859 2605 1010 2649 multas
1053 2619 1160 2660 quas
1202 2618 1294 2660 cap.
1324 2604 1345 2646 1
1373 2604 1801 2658 commemoravimus,
1837 2611 1923 2648 tum
1952 2610 2120 2661 praeter
2147 2605 2255 2649 alias
2282 2606 2518 2650 recentissi-

104 2684 265 2716 morum
294 2671 529 2715 criticorum
551 2672 811 2715 coniecturas
829 2685 907 2727 per
924 2672 1085 2715 variam
1111 2670 1422 2714 adnotationum
1447 2675 1684 2714 nostrarum
1715 2672 2067 2727 opportunitatem
2088 2684 2182 2727 cap.
2212 2672 2254 2715 11
2283 2673 2518 2716 recensitas

105 2738 367 2795 potissimum
395 2738 494 2781 hae:

310 2807 401 2849 194.
442 2805 624 2848 Weilius
668 2805 892 2852 novissime
920 2804 948 2848 l.
978 2819 1014 2848 c.
1043 2810 1213 2860 propter
1254 2816 1517 2846 numerorum
1560 2803 1884 2847 concinnitatem
1920 2804 2024 2848 scite
2058 2811 2105 2848 ut
2133 2804 2290 2849 assolet
2319 2805 2518 2850 coniecit:

105 2874 221 2916 θεοῖς
249 2872 432 2922 πίςμνος,
462 2871 488 2915 ὁ
518 2873 572 2914 δὲ
600 2871 780 2925 νιφάδος
811 2872 818 2929 Ι
849 2871 907 2915 ὅτ’
938 2872 1068 2915 ὀλοᾶς
1096 2871 1343 2924 νιφόμενος
1386 2870 1545 2922 βρόμος
1589 2870 1635 2912 ἑν
1676 2870 1827 2913 πύλαις
1870 2873 1954 2913 κτλ.
1999 2871 2095 2914 libri
2137 2885 2284 2916 omnes
2326 2872 2520 2916 omittunt

104 2937 131 2982 ὁ
160 2939 208 2983 δέ
236 2943 280 2984 et
308 2951 385 2996 pro
413 2938 643 2992 νιφόμενος
672 2938 830 2982 habent
858 2938 1099 2992 νιφομένας.

315 3106 352 3150 ⁸)
376 3107 434 3143 En
457 3106 625 3143 iudicium
662 3106 777 3143 critici
811 3106 926 3151 Angli
942 3094 1075 3142 'Pateii
1111 3105 1155 3141 de
1191 3105 1245 3140 his
1275 3104 1434 3141 versibus
1457 3104 1482 3140 1.
1507 3115 1538 3140 c.
1563 3116 1597 3150 p.
1622 3107 1707 3142 269:
1732 3105 1776 3149 ‚it
1799 3105 1830 3141 is
1855 3105 1953 3141 clear
1975 3105 2058 3142 that
2080 3107 2143 3143 the
2166 3117 2318 3152 passage
2342 3109 2408 3144 has
2431 3109 2521 3144 been

97 3164 286 3209 >temperati
309 3164 410 3208 with,
434 3164 504 3200 and
528 3164 699 3209 probably
722 3163 760 3199 in
784 3162 924 3200 ancient
948 3163 1070 3204 times:
1094 3163 1160 3199 but
1182 3163 1285 3200 there
1308 3173 1369 3199 are
1392 3173 1433 3198 so
1454 3172 1562 3207 many
1576 3163 1731 3207 νομοί
1744 3163 1902 3208 alter-ing
1924 3163 1957 3200 it
1979 3163 2062 3200 that
2084 3174 2176 3202 none
2200 3176 2267 3201 can
2289 3166 2335 3203 be
2357 3165 2519 3203 trusted'.

2274 3234 2318 3268 {p
