2636 3572
1305 110 1357 151 10

104 252 250 282 versus
284 240 362 282 176
393 239 561 281 omnino
590 239 712 281 deest
742 240 785 281 in
816 240 859 281 in
889 247 980 282 cod.
1011 239 1120 281 Med.
1157 240 1235 282 185
1265 240 1430 292 ὄτοβον,
1463 239 1626 291 ὄτοβον,
1658 238 1730 280 ὅτε
1759 251 1835 294 pro
1864 238 2022 292 ὄτοβον
2049 239 2124 281 ὅτι.
2188 240 2266 282 187
2302 237 2529 290 ἀγρύπνων

104 306 357 360 (Seidlerus)
388 320 464 359 pro
494 305 679 347 ἀΰπνων.
741 308 820 349 188
850 308 919 349 δία
948 308 1094 358 ςτόμια
1136 309 1374 360 (διαςτόμια
1402 307 1667 353 Schuetzius)
1695 319 1772 359 pro
1801 307 1871 348 διὰ
1905 308 2047 356 ςτόμα.
2108 309 2188 349 192
2222 306 2380 360 ποντίῳ
2399 307 2526 355 πρὸς

101 371 251 422 κύματι
292 385 368 428 pro
411 371 570 426 ποντίῳ
614 371 661 414 ἐν
710 372 866 424 κύματι.
949 373 1028 416 194
1066 373 1178 414 θεοῖς
1217 372 1399 419 πίςυνος,
1439 370 1512 414 ἅτε
1544 370 1723 423 νιφάδος
1754 384 1830 426 pro
1858 371 2029 415 πίςυνος
2059 374 2175 415 θεοῖς
2203 372 2384 425 νιφάδος
2414 371 2525 427 (sinc

102 438 206 492 ἅτε).
265 440 346 482 201
378 438 536 481 αὐτούς
566 438 854 496 (Schuetzius)
884 452 959 495 pro
987 441 1087 482 τοὺς
1116 441 1203 491 τῆς.
1262 439 1345 482 208
1374 442 1502 491 γονῆς
1538 451 1614 495 pro
1641 438 1758 489 γυνή.
1829 438 1914 481 210
1953 437 2030 480 τόν
2065 437 2292 495 (Canterns
2326 443 2368 481 et
2395 437 2528 482 Aldus

103 506 217 559 apud
245 506 537 551 Marcellinum
568 507 613 547 in
642 507 730 548 vita
760 506 1041 561 Thucydidis)
1072 520 1145 560 pr)
1175 506 1262 547 τάν.
1322 508 1401 549 211
1434 507 1539 556 ὑπέρ
1583 504 1618 546 τ’
1661 518 1735 559 pro
1772 503 1929 556 ὕπερθ’.
2001 507 2084 548 212
2134 507 2229 547 ςαοῖ
2272 519 2347 560 pro
2391 506 2525 557 ὀρθοῖ.

104 573 186 614 216
216 573 300 613 διαὶ
329 574 442 614 θεῶν
470 573 596 615 πόλιν
624 587 670 615 τε
699 586 775 627 pro
805 574 873 614 διὰ
903 576 1013 615 θεῶν
1041 573 1162 614 πόλιν
1192 573 1303 625 (sine
1333 575 1409 626 τε).
1440 573 1595 614 ibidem
1631 570 1826 622 νεμόμεθ’
1867 584 1944 626 pro
1987 570 2205 622 νεμόμεςθ’
2241 577 2283 613 et
2312 571 2527 622 ἀδάματον

102 637 341 695 (Pauwius)
370 652 448 694 pro
478 638 730 690 ἀδάμαντον.
789 640 869 682 218
899 639 959 680 τίς
991 637 1231 694 (Heathius)
1260 652 1336 692 pro
1366 640 1414 680 ri.
1474 639 1555 681 222
1585 637 1763 688 ἀνάμιγα
1791 650 1868 692 pro
1897 636 2063 689 ἄμμιγα.
2136 638 2218 681 223
2262 638 2387 679 τάνδε
2430 639 2525 680 ποτὶ

103 704 264 745 ςκοπάν
312 717 389 760 pro
432 704 549 746 τάνδ’
597 706 640 747 ἐς
686 705 924 756 ἀκρόπολιν.
995 705 1076 746 237
1119 704 1185 745 καὶ
1221 705 1266 746 ςὲ
1294 705 1363 746 καὶ
1391 707 1528 747 πᾶςαν
1563 703 1686 746 πόλιν
1714 716 1790 758 pro
1819 702 1924 755 κάμὲ
1954 704 2022 745 καὶ
2049 705 2187 746 πᾶςαν
2221 703 2380 746 πτόλιν.
2437 705 2524 747 240

102 769 255 819 ἄνδρες
286 783 362 823 pro
392 772 563 821 ἄνδρας.
623 773 705 812 256
735 771 853 811 ὕδατί
881 770 915 810 τ’
952 769 1134 820 Ἰςμηνοῡ
1167 770 1246 825 (sic
1279 771 1449 812 Geelius
1480 762 1595 811 et'L.
1633 768 1871 810 Dindorfius
1905 768 1987 811 uisi
2023 768 2135 822 quod
2163 768 2233 810 hic
2261 780 2391 823 parvo
2422 782 2525 811 sane

103 835 348 879 discrimine
384 837 505 880 ὕδαςί
534 836 570 880 τ’
606 836 791 887 Ἰςμηνοῦ
822 835 1102 887 commendat)
1132 850 1208 889 pro
1237 835 1329 879 οὐδ’
1357 835 1427 878 ἀπ’
1461 834 1657 886 Ἰςμηνοῦ.
1715 836 1810 879 260.
1841 837 1920 878 261
1974 836 2116 885 θήςειν
2158 835 2349 884 τρόπαια.
2394 837 2525 876 δαῖων

101 900 138 942 δ’
169 902 382 953 ἐςθήματα
415 903 419 958 1
446 904 589 955 ςτέψω
619 903 704 954 πρὸ
734 905 849 944 ναῶν
884 899 1127 954 δουρίπηχθ’
1155 901 1300 952 ἁγνοῖς
1331 902 1477 954 δόμοις
1508 915 1581 957 pro
1611 901 1818 956 scriptura
1837 899 2073 944 manifestis
2097 900 2363 954 glossematis
2390 900 2523 944 defor-

1179 982 1232 1009 τα

102 1040 218 1078 mata
261 1037 403 1085 θήςειν
450 1035 642 1085 τρόπαια.
687 1035 896 1085 πολεμίων
945 1034 981 1076 δ’
1023 1035 1251 1090 ἐςθήμαςιΙ
1284 1035 1456 1086 λάφυρα
1500 1036 1640 1077 δαΐων.
1685 1033 1951 1086 δουρίπληχθ’
1989 1033 2133 1082 ἁγνοῖς
2170 1033 2315 1083 δόμοις
2344 1034 2349 1089 Ι
2381 1034 2523 1085 ςτέψω

102 1102 188 1153 πρὸ
218 1104 335 1143 ναῶν
363 1102 576 1152 πολεμίων
606 1100 642 1142 δ’
672 1102 892 1151 ἑςθήματα.

309 1169 385 1210 His
405 1168 535 1221 igitur
554 1174 748 1210 centum
776 1176 822 1208 et
847 1173 1035 1221 septem
1061 1166 1251 1209 versibus
1273 1168 1351 1210 bis
1373 1168 1596 1210 etvicies
1625 1183 1651 1209 a
1682 1168 1860 1209 Medicei
1890 1167 2046 1209 codicis
2074 1167 2277 1209 memoria
2295 1170 2521 1209 recessisse

103 1234 390 1277 Hermannum
434 1233 627 1275 videmus
673 1234 728 1288 (si
773 1233 941 1286 quidem
986 1238 1095 1274 recte
1139 1234 1452 1276 numeravimus
1496 1234 1654 1276 scilicet
1698 1234 1935 1275 universum
1980 1246 2112 1287 genus
2155 1233 2520 1287 orthographicum

103 1301 296 1353 aliasque
341 1313 496 1354 parvas
539 1299 844 1353 discrepantias
886 1311 994 1351 quae
1030 1298 1085 1339 ad
1113 1304 1330 1341 accentum
1361 1299 1604 1354 spiritumve
1635 1304 1830 1354 spectant
1859 1298 1912 1340 de
1947 1298 2152 1342 industria
2193 1312 2363 1353 prorsus
2407 1298 2522 1340 omit-

104 1370 275 1419 tentes).
307 1373 602 1408 verumtamen·
624 1378 676 1407 ne
706 1367 768 1407 sic
796 1365 963 1419 quidem
994 1365 1077 1407 ullo
1107 1364 1230 1407 modo
1261 1377 1348 1408 rem
1384 1365 1618 1409 absolvisse
1654 1365 1957 1408 existimandus
1993 1370 2056 1408 est
2091 1365 2365 1417 Hermannus,
2396 1377 2522 1419 quum

106 1439 146 1474 et
176 1433 402 1486 plerosque
433 1432 549 1473 locos
579 1432 728 1485 quibus
757 1445 923 1472 manum
954 1446 1070 1472 suam
1108 1430 1301 1472 adhibuit
1328 1432 1456 1472 veluti
1492 1434 1583 1474 187.
1617 1434 1709 1475 188.
1743 1434 1834 1475 192.
1878 1434 1968 1475 194.
2011 1434 2107 1475 200.
2151 1433 2245 1474 208.
2290 1433 2384 1473 212.
2426 1433 2522 1474 216.

105 1500 201 1541 256.
233 1499 317 1541 260
344 1512 406 1551 sq.
434 1512 581 1552 parum
613 1497 721 1539 felici
750 1511 945 1539 successu
976 1501 1174 1539 tractasse
1205 1497 1305 1539 mihi
1335 1496 1539 1551 videatur,
1571 1504 1612 1540 et
1642 1498 1754 1553 quod
1783 1499 1918 1541 maius
1947 1504 2022 1552 est,
2051 1498 2165 1540 haud
2206 1510 2363 1551 paucos
2407 1497 2522 1539 locos

105 1566 208 1608 item
241 1564 465 1606 manifesto
496 1564 748 1617 depravatos
777 1563 921 1616 quales
952 1568 1037 1604 tum
1068 1564 1109 1604 in
1132 1564 1320 1606 Mediceo
1337 1569 1422 1605 tum
1444 1564 1486 1605 in
1506 1557 1678 1616 reliquis
1698 1563 1814 1606 libris
1835 1579 1910 1606 ms.
1931 1564 2134 1618 leguntur,
2155 1563 2323 1605 omnino
2343 1562 2521 1604 intactos

106 1631 334 1684 reliquerit.
394 1636 489 1672 sunt
519 1643 620 1673 vero
649 1630 689 1672 ni
720 1629 840 1672 fallor
870 1629 929 1671 hi:
964 1632 1052 1673 172.
1085 1631 1175 1673 176.
1211 1631 1302 1673 186.
1336 1632 1429 1674 189.
1460 1632 1554 1674 226.
1593 1631 1688 1673 227.
1733 1631 1827 1673 230.
1872 1631 1965 1673 234.
2010 1631 2105 1673 241.
2149 1630 2243 1672 244.
2287 1630 2380 1671 253.
2426 1629 2520 1672 258.

104 1698 199 1739 259.
232 1698 328 1738 266.
388 1696 531 1748 itaque
561 1709 705 1737 omnes
735 1696 811 1737 hos
842 1696 954 1738 locos
982 1703 1067 1737 tam
1097 1709 1171 1737 eos
1201 1708 1305 1747 quos
1334 1696 1594 1738 admirabilis
1625 1696 1854 1738 Godofredi
1883 1695 2111 1741 Hermanni
2140 1695 2349 1747 sagacitas
2379 1694 2521 1735 nescio

105 1776 189 1816 quo
233 1769 358 1817 pacto
404 1761 555 1815 omisit,
601 1775 725 1814 quam
762 1774 833 1803 eos
871 1775 1042 1814 quorum
1072 1760 1310 1804 emendatio
1341 1761 1438 1804 huic
1467 1761 1786 1817 incomparabili
1817 1761 1959 1804 critico
1988 1762 2124 1804 minus
2152 1774 2353 1816 prospere
2383 1760 2519 1812 cessit,

103 1841 214 1870 nunc
243 1828 466 1871 secundo
498 1828 635 1882 capite
664 1826 776 1881 quod
797 1827 936 1868 statim
957 1834 1152 1882 sequetur
1181 1828 1395 1870 tractaturi
1427 1842 1569 1871 sumus
1598 1828 1721 1883 paulo
1751 1826 1987 1871 accuratius
2016 1826 2286 1882 anquirentes
2317 1831 2358 1869 et
2386 1826 2521 1881 perlu-

102 1903 285 1938 strantes
330 1895 457 1937 etiam
502 1894 751 1936 novissimas
799 1894 1073 1937 recentiorum
1116 1895 1351 1937 criticorum
1396 1907 1518 1936 curas
1560 1894 1821 1949 Aeschyleas
1862 1893 1923 1935 uti
1965 1892 2167 1936 Dindorfii
2196 1892 2338 1935 Weilii
2367 1891 2521 1934 Keckii

103 1961 326 2004 Ritschelii
363 1961 551 2012 aliorum,
581 1966 702 2014 prout
731 1960 853 2002 huius
883 1961 1193 2013 qualiscumque
1224 1962 1391 2015 opellae
1422 1961 1588 2003 criticae
1618 1961 1726 2002 ratio
1754 1961 1966 2015 postulare
1995 1961 2116 2003 nobis
2145 1960 2364 2002 videbitur.

1111 2164 1338 2226 Gap-
1377 2165 1508 2214 ΞΕ-

177 2288 875 2352 Adnotationes
929 2289 1313 2353 criticae
1366 2288 1483 2352 de
1534 2288 1767 2352 locis
1819 2288 2441 2352 emendandis.

309 2432 401 2474 172.
434 2430 573 2482 φυγὰς
611 2432 743 2472 θεῑςαι
773 2444 847 2485 pro
878 2430 1056 2485 simplici
1086 2435 1295 2483 φυγοῦςαι
1331 2432 1410 2485 (sic
1442 2430 1551 2473 enim
1582 2430 1706 2484 vulgo
1734 2431 1796 2473 ibi
1826 2431 2036 2487 explicant
2065 2431 2331 2486 interpretes)
2361 2431 2518 2474 dudum

102 2499 204 2542 mihi
236 2503 481 2553 suspectum
513 2503 554 2538 et
582 2496 761 2539 fortasse
791 2509 843 2539 ex
873 2497 1012 2551 phrasi
1043 2498 1200 2550 βλάβην
1229 2499 1357 2541 τίθει
1388 2499 1506 2554 (182)
1537 2501 1669 2539 ortum
1713 2497 1887 2552 videtur,
1933 2496 2180 2554 praesertim
2222 2510 2349 2552 quum
2393 2497 2518 2540 aliam

100 2566 231 2607 multo
261 2564 477 2606 meliorem
508 2562 755 2617 scripturam
787 2563 888 2614 βοάς
921 2565 1110 2616 quamvis
1139 2566 1195 2607 ab
1225 2566 1420 2608 omnibus
1451 2564 1608 2607 criticis
1638 2564 1875 2619 neglectam
1905 2569 1947 2607 ct
1975 2563 2261 2607 Robortellum
2291 2569 2333 2606 et
2358 2564 2519 2619 aliquot

101 2630 273 2675 codices
304 2629 448 2686 (Vind.
479 2632 518 2672 2.
548 2629 589 2670 4.
620 2627 727 2684 vit.)
756 2628 914 2672 habere
942 2634 1119 2674 testetur
1147 2631 1426 2675 Hermannus.
1485 2635 1613 2685 atque
1642 2630 1753 2673 hanc
1780 2630 1918 2686 ipsam
1945 2630 2192 2686 scripturam
2224 2630 2325 2682 βοάς
2346 2644 2373 2673 a
2391 2643 2518 2675 manu

100 2697 306 2753 Aeschyli
337 2696 493 2739 exiisse
524 2700 564 2737 et
593 2708 669 2749 pro
699 2698 831 2737 θεῑςαι
865 2709 950 2738 una
977 2696 1141 2741 literula
1170 2698 1311 2741 deleta
1340 2697 1447 2740 εῐςαι
1483 2696 1749 2741 scribendum
1779 2711 1873 2740 esse
1901 2697 2026 2741 facile
2054 2696 2241 2741 adducor
2268 2703 2315 2740 ut
2334 2698 2517 2741 credam.

97 2765 206 2807 ἱέναι
240 2764 346 2816 βοήν
376 2769 416 2806 et
445 2762 532 2805 alia
561 2761 714 2805 similia
741 2767 786 2805 ut
813 2765 1012 2811 γλῶςςαν,
1054 2766 1214 2816 φωνήν,
1246 2767 1416 2816 θρῆνον,
1449 2764 1649 2816 βάγματα,
1679 2763 1824 2811 αὐδάν,
1855 2763 2004 2815 ἀοιδήν
2031 2763 2076 2806 in
2104 2765 2253 2819 vulgus
2282 2769 2382 2808 nota
2408 2770 2516 2808 sunt.

100 2831 322 2882 διάδρομοι
354 2829 449 2881 βοαί
479 2828 674 2871 dicuntur
702 2828 906 2871 clamores
935 2829 1129 2873 dissoni
1158 2831 1261 2874 satis
1290 2830 1447 2873 usitata
1489 2830 1736 2885 metaphora
1778 2829 2050 2884 similiterque
2093 2829 2329 2886 Aeschylus
2368 2831 2517 2885 Agam.

102 2897 212 2942 1143
239 2894 456 2952 usurpavit
485 2893 735 2938 adverbium
769 2895 1013 2948 ςυνδρόμως
1041 2896 1069 2940 i.
1099 2911 1135 2941 e.
1155 2903 1513 2952 congruenter.

305 2963 400 3005 176.
430 2961 541 3002 hunc
569 2972 736 3002 versum
763 2960 834 3016 qui
862 2960 907 3002 in
935 2961 1025 3005 solo
1053 2962 1108 3007 M.
1138 2962 1342 3006 omittitur
1368 2962 1558 3020 plerique
1601 2961 1734 3025 critici
1776 2962 1920 3007 nescio
1954 2976 2040 3020 qua
2067 2962 2227 3009 codicis
2254 2962 2368 3007 illius
2396 2975 2516 3020 prae·

99 3030 258 3072 stantia
285 3028 454 3083 decepti
483 3032 527 3069 et
556 3027 792 3081 exemplum
821 3028 1022 3070 Dindorfli
1059 3029 1192 3072 secuti
1234 3042 1311 3084 pro
1352 3029 1605 3084 interpolato
1648 3029 1807 3070 habent
1848 3036 2015 3085 praeter
2054 3030 2265 3073 Keckium
2308 3028 2379 3083 qui
2422 3041 2516 3072 eum

99 3094 355 3140 servandum
384 3098 428 3138 ct
455 3097 554 3137 ante
583 3106 751 3137 versum
783 3093 863 3137 168
891 3092 1158 3138 inserendum
1184 3095 1364 3152 putavit.
1421 3109 1472 3138 ac
1502 3094 1743 3143 Dindorfius
1770 3095 1938 3150 quidem
1966 3103 2126 3140 remoto
2161 3109 2284 3138 versu
2318 3096 2390 3139 illo
2417 3102 2517 3139 ante

98 3173 269 3204 versum
302 3161 383 3203 177
411 3159 606 3203 lacunam
635 3158 780 3202 statuit
823 3171 947 3215 quam
982 3159 1046 3204 sic
1088 3161 1290 3219 explevit:
1332 3161 1479 3214 τοιγὰρ
1520 3163 1744 3214 προφωνῶ
1786 3163 1909 3206 πᾶςιν
1951 3162 2118 3216 ἡςύχως
2161 3163 2271 3216 ἔχειν
2312 3174 2521 3218 suumque-
