2636 3572
1286 142 1341 185 22
1421 196 1423 198 .

300 277 395 320 217.
425 275 537 317 idem
567 276 743 318 Weilius
774 278 1014 327 ὸυςμενέων
1043 291 1064 318 τ
1107 289 1181 332 pro
1209 276 1408 317 librorum
1445 276 1649 330 scriptura
1685 276 1922 326 δυςμενέων
1952 275 1999 315 δ.
2044 277 2112 316 ubi
2156 276 2434 331 supplendum
2463 290 2514 317 ex

100 356 149 384 eo
172 344 244 396 qui
264 343 482 397 praecedit
502 356 626 384 versu
648 344 717 384 διὰ
747 347 870 385 θεῶν.
901 358 998 395 ,non
1028 344 1137 385 enim
1167 345 1232 395 (ut
1268 343 1533 384 Hermannus
1568 343 1762 397 putabat)
1808 348 1849 383 ct
1878 342 1945 383 dis
1975 348 2017 384 et
2046 342 2311 385 munimentis
2339 343 2514 385 salutem

100 409 215 452 urbis
245 409 403 462 deberi,
435 409 511 452 sed
541 423 705 451 omnem
737 410 915 452 salutem
945 425 972 452 a
1000 409 1066 451 dis
1096 408 1281 463 pendere
1310 408 1531 451 affimant.
1562 408 1804 465 (Weilius)'.

302 476 396 517 223.
455 475 713 518 Ritschelius
757 476 986 518 rectissime
1031 488 1082 516 ex
1126 475 1349 516 obscurata
1391 475 1587 517 librorum
1632 475 1887 527 quorundam
1933 475 2002 527 (G.
2047 476 2174 517 Mose.
2219 476 2266 529 2)
2310 476 2517 530 scriptura

99 542 256 583 eruisse
286 542 452 584 videtur
483 543 526 583 ἐς
572 542 706 592 ἄκραν
736 543 895 583 ςκοπάν
932 555 1006 596 pro
1042 541 1211 592 vulgata
1245 541 1456 594 scriptura
1490 542 1534 583 ἐς
1571 541 1800 591 ἀκρόπολιν
1843 547 2013 596 propter
2042 547 2218 584 metrum
2262 557 2289 584 a
2326 544 2514 585 Porsono

98 612 257 650 mutata
286 608 328 649 in
359 608 625 658 ἀκρόπτολιν.

299 675 394 718 234.
440 673 683 716 Meinekius
728 674 875 716 Philol.
922 673 999 715 vol.
1040 671 1122 714 XX
1152 685 1192 726 p.
1223 673 1278 715 56
1308 671 1647 725 ingeniosissime
1678 673 1854 716 coniecit
1887 672 1921 714 ὦ
1951 673 2036 716 Ζεῦ
2066 675 2197 716 τέλειε
2225 687 2301 729 pro
2344 675 2515 728 vulgata

98 740 295 782 librorum
326 740 534 795 scriptura
564 740 599 781 ὦ
630 742 843 784 ξυντέλεια
885 740 1036 782 frustra
1080 738 1333 781 reclamante
1379 744 1421 781 et
1456 739 1684 782 reluctante
1715 740 1942 783 Dindorfio.
2002 741 2071 795 qui
2105 741 2213 784 enim
2244 754 2400 794 quaeso
2432 754 2513 784 vox

98 808 311 849 ξυντέλεια
355 820 464 860 quae
509 807 672 861 vulgari
718 807 952 860 significatu
1002 812 1066 848 est
1110 805 1321 848 collatio
1366 806 1439 848 vel-
1476 807 1731 849 consortio
1776 807 1843 849 vel
1887 811 2059 861 quaevis
2102 808 2429 851 communitas
2473 813 2515 851 et

98 875 342 927 societas,
387 876 456 916 hic
500 877 637 917 locum
683 875 837 916 habere
880 878 1017 927 potest
1059 873 1182 926 plane
1227 871 1383 914 omissa
1424 886 1509 926 qua
1550 887 1678 927 aegre
1715 887 1903 915 caremus
1944 873 2143 916 deorum
2175 874 2373 917 notione?
2404 873 2513 928 quod

97 946 238 984 autem
269 940 468 997 Juppiter
497 940 647 984 iterum
679 940 803 997 paulo
834 944 926 995 post
956 939 1038 981 238
1072 937 1299 991 invocatur,
1332 951 1382 979 eo
1411 951 1495 980 non
1523 938 1647 980 modo
1677 952 1758 980 non
1799 939 2036 994 infringitur
2065 941 2328 982 coniecturae
2359 941 2514 982 Meine-

97 1007 254 1047 kianae
284 1007 578 1062 probabilitas,
623 1007 697 1046 sed
728 1008 850 1046 etiam
894 1005 1032 1057 siquid
1077 1005 1276 1056 sapimus,
1321 1005 1445 1045 valde
1475 1011 1663 1056 augetur,
1695 1019 1818 1056 quum
1851 1008 2001 1048 chorus
2030 1008 2178 1048 iterum
2209 1014 2333 1058 atque
2364 1008 2513 1050 iterum

97 1073 270 1114 deorum
301 1074 484 1115 omnium
515 1087 566 1114 ac
594 1073 851 1125 potissimum
885 1071 994 1112 Iovis
1024 1070 1223 1112 auxilium
1254 1070 1460 1124 imploret.

300 1141 396 1183 244.
427 1152 480 1182 ex
509 1138 695 1182 eiusdem
724 1137 920 1180 Mcinekii
958 1135 1196 1179 coniectura
1226 1135 1252 1178 l.
1285 1149 1318 1177 c.
1351 1150 1390 1192 p.
1419 1136 1476 1179 54
1503 1136 1591 1179 τότ’
1618 1152 1694 1193 pro
1724 1137 1825 1190 τάχ’,
1856 1138 1927 1181 ubi
1956 1143 2054 1194 apte
2086 1137 2215 1193 Soph.
2245 1138 2294 1181 O.
2325 1139 2371 1179 R.
2407 1140 2513 1181 1517

96 1206 228 1249 λέξει(
259 1207 328 1248 καὶ
358 1203 454 1247 τότ’
488 1204 647 1255 εἴςομαι
675 1204 812 1245 κλύων
842 1208 1067 1259 comparat.

301 1274 396 1315 241.
440 1271 620 1324 denique
665 1271 1027 1312 commemoranda
1071 1274 1132 1310 est
1176 1270 1374 1323 palmaris
1418 1282 1519 1311 sane
1564 1271 1725 1312 Pauwii
1769 1271 2007 1313 emendatio
2052 1273 2108 1313 ab
2137 1272 2330 1314 omnibus
2361 1271 2512 1314 criticis

95 1338 306 1380 immerito
336 1339 532 1391 neglecta
551 1362 606 1369 —
624 1350 773 1390 nempe
801 1338 924 1379 πόλιν
954 1338 1108 1379 ςτένεις
1138 1349 1214 1391 pro
1244 1336 1414 1390 vulgata
1443 1336 1648 1391 scriptura
1679 1350 1788 1390 quae
1818 1338 1859 1379 in
1889 1337 2079 1382 omnibus
2108 1338 2227 1382 libris
2257 1352 2332 1382 ms.
2365 1336 2512 1381 editio-

94 1405 305 1460 nibusque
362 1405 647 1448 circumfertur
696 1405 997 1454 παλινςτομεῑς.
1075 1403 1226 1444 etenim
1275 1404 1565 1452 παλινςτομεῖς
1601 1402 1637 1444 si
1666 1403 1835 1458 quidem
1870 1418 2067 1458 graecum
2118 1412 2196 1457 est,
2240 1418 2322 1446 non
2371 1407 2508 1458 potest

95 1471 334 1526 significare
364 1472 596 1524 δυςφημεῑς
626 1469 737 1524 quod
766 1469 996 1512 scholiasta
1026 1469 1239 1511 Mediceus
1268 1468 1412 1523 voluit,
1450 1468 1526 1510 sed
1556 1470 1697 1524 potius
1725 1472 1988 1520 παλιλλογεῖς
2021 1472 2060 1513 ll.
2091 1485 2128 1515 e.
2159 1472 2341 1513 iterum
2370 1471 2511 1512 dicis.

94 1538 210 1593 quod
240 1538 409 1591 quidem
438 1538 588 1581 misere
617 1537 815 1590 languere
844 1542 972 1590 atque
1003 1536 1111 1578 adeo
1156 1548 1249 1577 cum
1279 1536 1469 1591 proximo
1498 1549 1624 1578 versu
1654 1536 1790 1592 (242):
1820 1537 1980 1591 ἀψυχίᾳ
2007 1539 2087 1589 γὰρ
2109 1541 2308 1588 .γλῶςςαν
2337 1538 2511 1589 ἁρπάζει

95 1606 246 1656 φόβος,
279 1618 359 1658 quo
391 1605 540 1645 chorus
569 1603 659 1656 ipse
698 1616 834 1644 eoram
868 1603 1115 1655 obiurgante
1158 1603 1331 1654 Eteocle
1360 1603 1629 1645 timiditatem
1660 1610 1701 1645 et
1730 1604 1940 1656 ignaviam
1971 1618 2103 1657 suam,
2134 1619 2217 1647 non
2246 1605 2387 1647 hercle
2417 1618 2512 1646 con·

93 1671 320 1715 tumaciam
352 1678 425 1714 aut
453 1669 706 1714 reclamandi
733 1669 950 1712 libidinem
982 1668 1148 1723 fatetur,
1179 1669 1451 1713 vehementer
1480 1683 1668 1725 pugnare
1698 1669 1769 1713 vix
1798 1676 1863 1713 est
1893 1670 2006 1725 quod
2032 1685 2288 1716 moneamus.
2345 1668 2512 1714 aceedit

95 1739 207 1792 quod
237 1738 435 1785 Eteocles
465 1736 519 1780 ad
549 1750 601 1780 ea
630 1750 737 1790 quae
780 1736 988 1780 altercans
1032 1736 1184 1780 chorus
1226 1735 1310 1792 ipsi
1353 1743 1564 1792 tamquam
1610 1737 1833 1793 opprobrio
1876 1737 2002 1780 vertit
2042 1738 2107 1781 his
2142 1739 2301 1781 verbis:
2330 1737 2392 1780 ὧν
2420 1738 2510 1793 ἁλῷ

92 1805 227 1851 πόλις,
258 1804 362 1846 nihil
393 1805 558 1847 omnino
587 1803 824 1859 respondet,
853 1803 893 1844 id
926 1803 1036 1857 quod
1081 1817 1251 1858 prorsus
1295 1804 1491 1845 abhorret
1520 1817 1547 1845 a
1582 1804 1905 1858 stichomythiae
1936 1806 2198 1860 Aeschyleae
2229 1805 2510 1847 concinnitate

93 1877 135 1913 et
165 1872 392 1925 elegantia.
451 1878 577 1924 atque
607 1872 685 1912 hoc
715 1884 839 1912 unum
868 1876 1159 1923 argumentum
1189 1871 1292 1913 satis
1310 1871 1519 1920 ,idoneum
1550 1884 1645 1913 esse
1665 1872 1842 1914 arbitror
1861 1885 1943 1925 quo
1963 1886 2046 1915 non
2075 1873 2367 1922 παλινστομεῖς
2398 1870 2510 1926 (cod.

92 1938 208 1994 Lips.
240 1943 283 1981 et
311 1938 406 1981 Ald.
436 1939 640 1993 praebent
666 1938 789 1980 πάλιν
818 1939 1015 1991 ςτομεῑς),
1045 1936 1119 1980 sed
1151 1950 1243 1980 cum
1274 1937 1446 1981 Pauwio
1476 1938 1599 1981 πόλιν
1631 1938 1785 1981 ςτένεις
1822 1937 2042 1994 scripsisse
2084 1938 2337 1995 Aeschylum
2370 1937 2509 1982 claris-

91 2006 201 2048 sima
228 2006 272 2047 in
302 2005 396 2047 luce
424 2011 614 2058 ponatur,
645 2004 768 2057 plane
797 2012 843 2046 ut
872 2004 956 2046 230
985 2004 1115 2045 ςτένω
1144 2005 1335 2055 πόλιςμα.
1363 2029 1421 2035 -

1060 2308 1063 2310 ,
1104 2262 1330 2325 Cap-
1369 2262 1505 2314 V-

278 2376 948 2461 Appendioula
998 2376 1113 2439 de
1167 2376 1523 2440 Codicis
1573 2376 1978 2441 Medicei
2028 2373 2300 2442 s‘oho-

563 2505 1085 2586 lior-umque
1135 2504 1787 2568 Medioeorum
1834 2504 2036 2568 fide.

288 2615 458 2660 Codicis
479 2614 659 2658 Medicei
679 2613 783 2656 fides
803 2627 927 2669 quam
957 2614 1012 2657 sit
1041 2614 1213 2669 incerta,
1243 2615 1379 2658 allatis
1408 2615 1589 2658 virorum
1619 2614 1835 2658 doctorum
1866 2615 2115 2658 testimoniis
2140 2628 2269 2671 supra
2288 2615 2504 2671 prooemio

86 2690 226 2729 nostro
256 2683 492 2740 generatim
523 2681 790 2734 breviterque
820 2682 1050 2735 expositum
1081 2689 1155 2724 est.
1216 2688 1344 2736 atque
1374 2683 1453 2725 hoc
1480 2682 1618 2738 ipsum
1654 2694 1768 2723 nunc
1795 2681 2046 2736 explicatius
2074 2681 2251 2736 singulis
2280 2682 2385 2725 locis
2413 2696 2505 2738 per-

85 2753 251 2794 tractati
279 2751 405 2793 modo
435 2749 620 2804 episodii
650 2748 935 2789 demonstrare
964 2748 1119 2791 licebit.
1193 2748 1345 2802 quodsi
1387 2748 1561 2803 propria
1603 2753 1645 2790 et
1672 2747 1899 2801 peculiaris
1936 2747 2122 2791 cuiusvis
2151 2748 2310 2792 codicis
2339 2749 2506 2793 bouitas

85 2824 157 2861 aut
187 2817 375 2872 pravitas
406 2815 588 2859 maxime
617 2813 802 2857 cernitur
830 2812 891 2856 eis
919 2826 1025 2868 quae
1053 2813 1096 2856 in
1127 2828 1177 2857 eo
1204 2813 1312 2857 solo
1355 2814 1421 2857 vel
1465 2814 1710 2857 omittuntur
1751 2813 1818 2856 vel
1861 2812 2072 2857 adduntur
2113 2819 2282 2871 praeter
2322 2815 2506 2869 reliquos

85 2884 269 2938 codices,
299 2882 398 2938 quid
426 2894 588 2937 quaeso
615 2880 754 2936 magis
782 2879 1041 2922 labefactare
1070 2886 1112 2923 et
1139 2881 1369 2936 infringere
1411 2880 1536 2923 tidem
1581 2880 1739 2922 codicis
1774 2880 1955 2923 Medicei
1983 2885 2123 2935 potest
2149 2895 2274 2937 quam
2303 2883 2386 2925 duo
2415 2895 2505 2924 ver-

85 2965 157 2994 sus
184 2951 246 2993 illi
279 2952 360 2994 176
389 2955 433 2992 et
462 2949 575 2993 261?
604 2961 780 3001 quorum
811 2946 981 3000 quidem
1010 2960 1115 2990 unus
1145 2947 1268 3003 (176)
1312 2946 1435 3002 quein
1477 2947 1706 3002 genuinum
1749 2960 1846 2989 esse
1887 2960 2017 3003 supra
2056 2948 2264 3004 apparuit,
2308 2948 2351 2991 in
2394 2950 2505 2993 solo

85 3018 231 3061 codice
260 3017 452 3060 Mediceo
481 3016 614 3075 deest,
645 3015 752 3058 alter
781 3027 880 3056 vero
909 3027 1053 3058 versus
1082 3015 1201 3070 (261)
1229 3013 1454 3057 manifesto
1482 3012 1760 3070 interpolatus
1789 3012 1857 3055 vel
1885 3013 2024 3069 potius
2053 3019 2100 3058 ut
2123 3019 2222 3058 aute
2247 3015 2431 3061 diximus
2448 3025 2504 3060 ex

84 3085 382 3129 diversissimis
411 3081 742 3139 glossematis
769 3079 975 3123 conflatus
1005 3080 1141 3125 eidem
1170 3081 1308 3125 codici
1336 3080 1527 3124 Mediceo
1556 3093 1651 3123 cum
1680 3079 1796 3123 nullo
1823 3079 1909 3123 alio
1937 3080 2084 3125 codice
2113 3083 2192 3126 nisi
2222 3096 2316 3127 cum
2334 3084 2501 3139 quanti·

84 3153 149 3195 vis
176 3152 300 3207 pretii
327 3152 423 3193 Par.
454 3151 490 3192 B
518 3148 752 3193 communis
782 3154 864 3190 est:
895 3161 991 3189 nam
1020 3148 1064 3190 in
1093 3149 1186 3191 Par.
1217 3149 1255 3191 A
1284 3152 1327 3191 et
1355 3147 1399 3190 in
1437 3147 1551 3204 Lips.
1595 3146 1737 3202 priora
1777 3151 1940 3191 tantum
1983 3148 2063 3193 tria
2107 3150 2315 3194 vocabula
2357 3151 2501 3203 ςτέψω
2558 3141 2575 3158 ’

84 3219 169 3272 πρὸ
197 3220 314 3260 ναῶν
342 3217 518 3259 inveniri
548 3230 625 3259 suo
655 3216 751 3258 loco
777 3215 860 3257 iam
891 3213 1048 3257 dictum
1086 3219 1162 3258 est.
1212 3214 1362 3260 eodem
1393 3218 1586 3269 spectant
1614 3213 1699 3258 200
1740 3214 1866 3257 etiam
1910 3221 2036 3259 uotae
2078 3216 2194 3261 chori
2222 3216 2267 3260 in
2294 3218 2500 3274 principio
