2636 3572
1311 124 1339 163 5

319 256 467 308 Itaque
509 266 632 306 quum
678 254 732 295 de
775 254 906 310 ipsius
949 253 1109 297 codicis
1150 254 1328 298 Medicei
1371 252 1629 311 praestantia.
1665 252 1801 308 deque
1831 259 1974 296 mutua
2002 253 2123 308 quasi
2155 252 2531 309 consanguinitatis

116 323 279 366 ratione
320 321 575 374 reliquorum
618 321 806 363 codicum
851 333 997 375 parum
1039 321 1150 363 inter
1193 322 1358 363 criticos
1395 325 1568 371 constet,
1598 332 1710 360 nunc
1738 318 1905 373 quidem
1936 319 2183 361 tutissimum
2212 319 2336 361 nobis
2366 318 2532 362 videtur

116 387 172 432 ad
204 385 328 430 crisin
356 385 637 441 Aeschyleam
666 398 810 430 omnes
855 390 1057 441 quotquot
1097 391 1265 431 exstant
1307 385 1474 430 codices
1519 385 1612 440 pari
1640 383 1765 427 modo
1798 384 1839 426 h.
1875 397 1913 426 e.
1943 384 2035 438 pari
2062 384 2260 428 cautione
2290 390 2331 427 et
2358 385 2531 428 circum·

115 452 331 508 spectione
359 435 564 495 adhibere
594 456 635 493 et
663 466 739 507 pro
769 467 813 493 re
842 457 944 494 nata
971 458 1013 494 et
1043 452 1245 509 cuiusque
1272 436 1353 496 loci
1387 452 1531 496 indole
1567 442 1734 507 proprio
1764 450 1922 494 iudicio
1952 456 1993 493 et
2020 450 2223 494 arbitratu
2251 463 2306 495 ex
2335 451 2399 495 eis
2425 451 2529 506 opti-

114 532 205 562 mas
229 531 440 573 quasque
482 520 710 573 scripturas
757 520 811 561 ad
854 518 1170 561 instaurandam
1205 519 1405 575 Aeschyli
1439 530 1609 561 manum
1638 522 1849 570 tamquam
1877 530 1955 571 per
1983 521 2166 559 saturam
2196 517 2372 571 eligere:
2403 531 2528 571 quem

115 585 283 638 quidem
310 583 488 627 liberum
517 590 560 626 et
588 585 866 639 promiscuum
897 589 942 626 ut
970 586 1030 627 ita
1059 584 1196 626 dicam
1227 585 1408 638 eligendi
1437 584 1607 626 modum
1636 582 1716 624 etsi
1745 583 1927 624 fatemur
1952 581 2075 624 valde
2101 581 2316 624 difficilem
2337 589 2379 625 et
2399 597 2529 639 saepe

116 649 311 695 fallacem
342 663 437 694 esse
466 648 648 703 ideoque
677 650 829 694 criticis
859 650 983 705 vulgo
1013 654 1254 705 suspectum
1282 650 1412 694 videri
1442 650 1692 706 praesertim
1728 649 1771 691 in
1806 654 1924 691 tanta
1965 648 2155 691 codicum
2198 650 2528 704 Aeschyleornm

113 716 180 769 qui
225 716 280 758 ad
324 719 409 758 tres
466 715 627 770 priores
685 716 850 759 fabulas
908 716 1201 758 Prometheum
1233 749 1248 765 x
1264 715 1433 772 Septem
1484 721 1527 759 et
1576 716 1729 759 Persas
1777 720 1972 770 spectant
2019 715 2341 770 multitudine*),
2387 721 2527 758 tamen

112 782 193 823 hac
222 782 311 824 sola
339 781 411 823 via
439 781 519 823 nisi
549 781 733 823 fallimur
761 787 932 838 propter
961 783 1194 836 singulares
1223 783 1319 826 illas
1349 796 1452 836 quas
1491 788 1589 825 ante
1633 782 1814 824 diximus
1859 781 2050 824 codicum
2093 781 2277 824 rationes
2306 781 2359 823 de
2390 795 2529 824 emen·

112 847 252 902 dando
282 847 494 902 Aeschylo
524 846 638 889 haud
666 848 776 891 male
807 849 957 892 mereri
987 863 1110 905 posse
1140 850 1263 893 nobis
1290 850 1491 901 videmur,
1522 849 1567 891 id
1597 849 1707 903 quod
1742 849 1864 891 facile
1894 852 2158 903 perspectum
2188 847 2239 889 iri
2269 848 2430 890 confido
2459 848 2528 891 vel

112 926 164 956 ex
194 914 275 956 hoc
302 913 462 968 primo
505 913 709 968 Septem
753 914 1003 959 adversus
1047 915 1249 959 Thebas
1292 916 1493 959 fabulae
1532 917 1850 970 Aeschyl-eae
1894 914 2131 969 episodio
2166 914 2277 967 quod
2314 928 2390 968 pro
2419 914 2529 955 virili

112 986 231 1034 parte
261 979 526 1021 emendatum
556 992 632 1035 per
660 981 769 1023 hanc
798 981 1008 1024 scribendi
1039 981 1386 1037 opportunitatem
1416 982 1661 1038 speciminis
1691 982 1782 1025 loco
1813 980 2067 1036 proposituri
2098 993 2255 1024 sumus.

312 1046 399 1089 Sed
427 1047 667 1101 priusquam
704 1047 759 1088 ad
794 1048 1052 1102 propositum
1097 1053 1281 1090 nostrum
1326 1050 1588 1102 accedamus,
1632 1055 1732 1090 ante
1776 1048 1898 1090 etiam
1936 1046 1991 1089 de
2019 1046 2195 1100 reliquis
2224 1046 2528 1089 emendationis

109 1111 374 1165 Aeschyleae
403 1111 604 1153 subsidiis
634 1112 818 1154 breviter
846 1113 1152 1167 exponendum.
1384 1108 1391 1115 ’

309 1177 364 1219 Et
392 1176 605 1219 alterum
636 1177 806 1231 quidem
836 1177 1141 1221 emendationis
1172 1179 1430 1234 Aeschyleae
1460 1178 1696 1223 subsidium
1722 1178 1925 1232 praebere
1954 1177 2115 1219 scholia
2135 1177 2328 1219 Medicca
2347 1177 2524 1231 primum

109 1256 135 1285 a
165 1244 215 1285 G.
248 1242 465 1285 Dindorfio
495 1248 688 1286 accurate
719 1244 832 1286 edita
863 1250 902 1286 et-
931 1258 957 1285 a
994 1244 1316 1299 Byzantinorum
1359 1246 1610 1289 scholiorum
1654 1244 1866 1298 farragine
1909 1251 2107 1299 separata
2150 1244 2360 1286 neminem
2404 1242 2526 1296 fugit.

109 1322 217 1362 quae
255 1309 422 1364 quidem
460 1310 620 1352 scholia
656 1311 727 1363 qui
764 1324 896 1364 usque
940 1311 995 1353 ad
1039 1311 1411 1354 Alexandrinorum
1448 1311 1819 1366 ¹grammaticorum
1862 1315 2042 1352 aetatem
2085 1310 2284 1361 referunt,
2329 1308 2524 1350 nimirum

106 1375 399 1431 Aristophanis
436 1376 632 1431 Byzantii
676 1377 953 1429 ὑπομνήματα
997 1381 1039 1419 et
1081 1376 1312 1420 Aristarchi
1352 1379 1628 1432 προβλήματα
1671 1376 1739 1421 vel
1784 1382 1895 1421 certe
1939 1378 2068 1420 λέξει(
2111 1377 2307 1428 τραγικά(
2354 1375 2524 1430 Didymi

109 1441 371 1485 chalcenteri
400 1444 469 1497 qui
501 1444 754 1486 clarissimus
785 1444 1133 1497 doctissimusque
1162 1445 1389 1486 Aristarchi
1406 1443 1772 1508 Qcipiilusmfuit,
1802 1445 1844 1485 in
1875 1444 1937 1486 eis
1965 1443 2183 1485 recondita
2202 1454 2298 1485 esse
2319 1442 2524 1483 arbitran·
2540 1424 2593 1488 ys,

108 1511 174 1549 tur
205 1507 456 1563 omninoque
485 1508 591 1552 duas
621 1509 676 1552 ad
705 1524 782 1553 nos
809 1509 1051 1565 pervenisse
1095 1515 1281 1553 statuunt
1323 1511 1521 1578 Aeschyli
1564 1512 1831 1553 recensiones
1867 1510 2055 1562 ‚alteram
2092 1523 2199 1562 quae
2234 1510 2359 1564 plene
2388 1503 2621 1556 exstet'suf

108 1574 266 1618 codicis
296 1574 486 1630 Medicei,
517 1576 692 1618 alteram
734 1576 999 1620 vetustiorem
1035 1577 1249 1630 multoque
1292 1576 1637 1632 praestantiorem
1669 1591 1722 1620 ex
1753 1591 1838 1631 qua
1867 1576 1973 1618 nihil
2002 1576 2125 1618 nobis
2155 1576 2332 1631 supersit
2361 1576 2440 1618 nisi
2472 1590 2521 1617 ea

106 1654 212 1694 quae
243 1643 325 1683 sint
353 1655 380 1682 a
408 1642 642 1685 scholiastis
672 1648 714 1684 et
745 1644 955 1698 Hesycliio
1000 1643 1177 1696 aliisque
1219 1643 1441 1685 lexicorum
1485 1643 1758 1698 scriptoribus
1803 1645 2030 1697 excerpta!
2089 1643 2169 1685 hoc
2205 1642 2242 1685 si
2282 1655 2432 1696 reapse
2463 1641 2524 1684 ita

105 1721 150 1749 se
179 1708 366 1761 haberet,
396 1708 585 1763 profecto
616 1714 728 1752 esset
757 1709 869 1762 quod
898 1709 1088 1763 impense
1118 1709 1368 1750 laetaremur
1396 1714 1521 1761 atque
1551 1722 1604 1749 ex
1633 1708 1772 1750 animo
1802 1708 2106 1761 gratularemur
2126 1715 2168 1749 et
2188 1708 2345 1762 optimo
2367 1714 2519 1762 poetae

104 1777 145 1813 et
173 1773 295 1814 nobis
325 1772 444 1827 ipsis,
474 1785 600 1827 quum
645 1773 980 1816 commodissime
1024 1773 1184 1817 scilicet
1226 1774 1351 1818 nullis
1395 1774 1640 1818 sciscitandi
1684 1774 1959 1817 ratiocinandi
2003 1774 2215 1818 refutandi
2260 1772 2519 1817 coniectandi

103 1838 318 1880 divinandi
349 1840 415 1881 vcl
445 1841 572 1882 etiam
602 1840 835 1882 hariolandi
866 1846 910 1881 ut
938 1840 982 1881 fit
1011 1841 1261 1894 ambagibus
1291 1854 1342 1882 ac
1369 1842 1573 1883 molestiis
1592 1840 1831 1895 praepediti
1852 1845 2113 1895 pervetustas
2134 1840 2340 1894 quasdam
2360 1846 2401 1881 et
2419 1852 2518 1881 vere

103 1903 308 1957 genuinas
343 1904 571 1959 scripturas
601 1906 861 1958 Aeschyleas
891 1920 943 1946 ex
963 1906 1135 1961 scholiis
1154 1907 1382 1959 lexicisque
1401 1906 1485 1947 illis
1505 1912 1720 1959 tamquam
1742 1919 1794 1946 ex
1815 1906 2133 1957 opulentissimo
2153 1912 2195 1946 et
2214 1905 2519 1959 pretiosissimo

102 1968 297 2013 thesauro
326 1969 451 2027 plena
479 1982 605 2014 manu
634 1970 800 2029 haurire
830 1984 1062 2029 possemus.
1120 1985 1263 2016 verum
1306 1970 1516 2016 enimvero
1543 1972 1636 2016 ’non
1672 1971 1824 2016 desunt
1859 1972 1991 2015 critici
2021 1973 2091 2026 qui
2120 1972 2174 2014 de
2203 1973 2284 2014 illis
2313 1972 2519 2014 thesauris

103 2037 312 2090 aliquanto
357 2050 459 2078 saue
500 2038 728 2080 modestius
772 2044 813 2079 et
857 2038 1017 2079 cautius
1061 2038 1243 2080 sentiant
1286 2038 1416 2080 veluti
1460 2038 1715 2082 Ritschelius
1753 2037 1825 2093 qui
1862 2037 1907 2080 in
1941 2036 2112 2083 scholiis
2152 2035 2311 2083 codicis
2342 2035 2519 2082 Medicei

102 2107 251 2146 tenues
295 2110 455 2146 tantum
500 2104 743 2146 eruditionis
787 2105 1095 2146 Alexandrinae
1137 2106 1333 2156 reliquias
1375 2106 1569 2157 agnoscit
1603 2106 1861 2159 plurimaque
1894 2106 1936 2145 in
1965 2106 2028 2146 eis
2055 2110 2214 2146 restare
2243 2116 2351 2158 quae
2381 2116 2518 2145 emen-

102 2167 272 2212 datione
303 2173 467 2224 egeant,
499 2168 609 2213 haud
639 2169 834 2224 ambigue
864 2169 1074 2213 contendit
1103 2184 1144 2225 p.
1174 2170 1275 2212 xlv
1305 2184 1367 2224 sq.
1397 2184 1475 2213 nec
1517 2171 1706 2225 profecto
1749 2172 1884 2212 minus·
1929 2178 2096 2213 cautum
2133 2176 2176 2211 et
2210 2170 2515 2212 consideratum

102 2234 156 2276 de
186 2235 344 2277 eisdem
373 2235 545 2278 scholiis
574 2235 776 2277 iudiciuin
806 2241 869 2278 est
897 2235 1039 2278 Weilii
1068 2235 1140 2291 qui
1169 2235 1214 2279 in
1241 2236 1375 2292 praes.
1404 2235 1460 2279 ad
1479 2236 1684 2293 Aeschyli
1705 2236 1980 2292 Choephoros
1999 2250 2041 2293 p.
2063 2236 2141 2280 XV
2161 2235 2268 2279 haec
2296 2235 2516 2279 verissime

102 2300 219 2343 dicit:
249 2307 307 2353 ,et
335 2302 415 2343 hoc
444 2301 614 2355 quidem
643 2307 801 2343 certum
831 2308 896 2344 est
925 2316 949 2344 e
978 2302 1155 2344 diversis
1199 2303 1384 2344 fontibus
1428 2303 1593 2345 scholia
1635 2309 1780 2345 nostra
1814 2304 2005 2345 derivata
2033 2315 2146 2346 esse:
2177 2301 2348 2345 editoris
2377 2308 2515 2344 autem

100 2365 238 2410 minus
267 2367 470 2410 interesse
498 2367 665 2411 videtur
693 2372 739 2411 ut
767 2368 874 2411 sciat
904 2367 959 2411 ad
988 2381 1111 2422 quem
1141 2367 1338 2421 quodque
1366 2372 1578 2411 auctorem
1607 2368 1875 2411 referendum
1905 2369 1971 2423 sit,
1991 2369 2104 2424 quod
2123 2368 2250 2411 hodie
2269 2368 2359 2411 fieri
2388 2382 2514 2423 posse

101 2445 186 2476 non
215 2433 331 2489 puto’
352 2446 487 2489 :quam
516 2440 562 2477 ut
590 2434 788 2478 diiudicet
817 2434 918 2488 quid
947 2435 1100 2478 bonum
1129 2435 1183 2478 sit
1211 2434 1312 2489 quid
1341 2433 1540 2477 deterius.
1599 2435 1739 2490 itaque
1767 2435 1946 2491 primum
1976 2434 2260 2490 quaerendum
2296 2441 2359 2478 est
2389 2448 2513 2488 quam

100 2499 348 2554 scripturam
379 2500 529 2543 scholii
556 2508 704 2544 auctor
730 2502 942 2556 respiciat,
973 2501 1085 2555 quod
1115 2515 1197 2543 non
1227 2513 1392 2555 semper
1419 2501 1543 2543 facile
1561 2501 1814 2555 decernitur,
1835 2514 1962 2556 quum
1982 2514 2118 2557 pauca
2137 2501 2299 2543 scholia
2317 2501 2514 2543 lemmata

99 2565 288 2622 praefixa
316 2566 514 2622 habeant,
545 2566 754 2622 quaedam
782 2567 930 2611 mutila
956 2567 1012 2611 ad
1039 2580 1117 2611 nos
1144 2566 1420 2622 pervenerint,
1442 2566 1652 2620 quaedam
1672 2574 1881 2623 corrupta,
1903 2567 2112 2622 quaedam
2130 2568 2513 2623 interpretationem

99 2633 333 2687 praebeant
360 2646 513 2688 vagam
542 2641 585 2675 et
613 2633 984 2689 neglegent-iorem.
1042 2632 1195 2676 deinde
1230 2633 1269 2676 si
1303 2637 1559 2688 compertum
1595 2633 1674 2676 erit
1702 2634 1958 2677 scholiasten
1986 2634 2185 2676 habuisse
2213 2634 2458 2689 scripturam
2481 2647 2514 2675 a

99 2697 293 2741 Hedicea
320 2698 543 2753 diversam,
573 2699 688 2742 illam
718 2700 809 2743 fere
841 2712 1009 2753 semper
1036 2713 1113 2754 pro
1141 2699 1372 2753 antiquiore
1402 2704 1444 2741 et
1472 2698 1761 2742 emendatiore
1797 2700 2035 2742 habendam
2064 2712 2159 2742 esse
2187 2712 2337 2743 censeo
2366 2705 2411 2742 ut
2440 2705 2513 2743 aut

99 2763 347 2819 recipienda
373 2764 429 2808 sit
457 2771 530 2809 aut
558 2779 613 2808 ex
643 2778 695 2808 ea
723 2765 1029 2810 emendationis
1056 2766 1164 2809 ratio
1192 2765 1386 2822 petenda.
1443 2765 1512 2809 sin
1540 2777 1636 2809 cuin
1670 2764 1864 2809 Mediceo
1905 2765 2065 2809 faciunt
2106 2764 2279 2819 scholia,
2308 2766 2389 2809 hoc
2416 2779 2514 2810 con-

100 2843 229 2874 sensu
257 2830 417 2874 codicis
445 2832 695 2888 scripturam
723 2832 879 2875 firmari
907 2836 1096 2888 apertum
1140 2837 1218 2885 est,
1262 2844 1404 2875 veram
1447 2843 1542 2875 esse
1584 2845 1670 2875 non
1713 2830 1906 2874 efficitur.
1964 2844 2094 2887 saepe
2123 2831 2232 2874 enim
2260 2831 2513 2876 scholiastes

310 2963 345 3011 *)
368 2964 561 3002 Mauricius
584 2965 768 3011 Hauptius
789 2965 870 3011 plus
893 2966 1005 3003 XXX
1029 2966 1165 3003 codices
1199 2966 1417 3010 Aeschyleos
1451 2965 1562 3001 trium
1598 2967 1740 3002 illarum
1771 2967 1970 3003 fabularum
1994 2977 2082 3010 quas
2103 2966 2217 3001 multo
2240 2965 2382 3008 saepius
2406 2975 2513 3008 quan

99 3023 316 3068 reliquam
337 3021 532 3059 loctitatas-
555 3027 594 3060 et
629 3021 839 3070 descriptas-
862 3034 939 3062 esse
971 3027 1122 3069 constat,
1146 3021 1356 3070 singillatim
1379 3032 1421 3060 ac
1443 3021 1655 3060 nominatim
1677 3022 1899 3065 enumeravit
1921 3021 1959 3061 in
1981 3022 2093 3069 praef.
2114 3021 2202 3060 edit.
2224 3021 2515 3061 nummi-ms

99 3092 134 3126 p.
156 3081 193 3116 V
217 3092 292 3125 sqq.
317 3085 426 3124 atque
460 3080 516 3116 liis
553 3082 732 3117 codicibus
761 3082 921 3117 omnibus
958 3091 1060 3116 suum
1083 3081 1210 3124 cuique
1244 3079 1399 3125 pretium
1434 3084 1532 3118 certe
1567 3081 1706 3116 tamdiu
1742 3081 1812 3116 erit
1841 3080 2008 3127 quamdiu
2031 3079 2294 3117 vetustissimus
2316 3078 2379 3116 ine
2402 3079 2514 3118 codex

100 3136 313 3185 ucham
348 3156 393 3164 —
430 3136 554 3184 quidni
587 3137 869 3176 Alexandrinum
903 3137 963 3176 vel
997 3137 1235 3183 Byzantium
1267 3147 1509 3182 nuncupemus
1545 3149 1624 3174 cum
1661 3138 1826 3174 Keckio?
1861 3158 1905 3164 —
1942 3138 1981 3174 iu
2013 3143 2134 3175 monte
2168 3138 2268 3173 Atlio
2297 3137 2356 3173 vel
2383 3138 2514 3174 alicubi

98 3198 274 3233 totamm
297 3194 494 3233 deliteam.

2272 3261 2311 3295 18
